3010 5300
503 337 806 395 ARGUMENTUM.
1221 341 1256 399 V.

56 496 254 580 omnipotenter
271 515 376 569 pessus,
392 515 448 555 non
466 504 495 558 st
511 501 593 559 homo
609 501 751 566 infirmiter
767 499 898 558 museulu
914 503 1044 571 operetur
1064 504 1101 572 (p.
1118 502 1170 570 66).
1204 501 1256 558 De·

56 585 139 642 lensio
164 585 269 644 Hilarii.
304 587 374 654 Quid
391 587 440 646 sits
463 589 570 646 Hatitu
592 589 716 648 inuerstrss
742 593 776 647 ut
795 589 879 646 Immo.
913 587 974 646 Non
1000 587 1075 646 omni
1098 588 1255 645 rreoerdtsti

56 672 188 729 tumunse
204 672 289 730 etiem
311 675 422 745 prester
443 677 587 746 perustum
609 673 755 730 obnoxium
781 673 864 732 luisse
884 672 1030 730 Dominum
1052 673 1153 732 lesum
1186 675 1256 730 Item

56 757 107 814 elis
123 758 194 816 rstio
211 758 246 816 de
263 759 367 818 habitu
402 759 492 828 Quone
508 777 581 817 nune
598 777 628 817 se
643 778 716 818 nuno
733 779 811 817 suum
827 777 939 818 onrnem
961 777 1009 818 seu
1026 776 1125 832 eorpus
1142 761 1254 816 unctum

56 843 95 898 rol
113 842 299 914 sepeliendum
315 843 391 914 diost
407 851 445 917 (p.
462 845 515 914 34).
549 845 688 902 (louveres
703 847 738 903 de
755 846 860 917 habitu,
882 845 956 916 quod
977 848 1007 902 et
1029 846 1111 902 homo
1132 845 1255 902 christus

56 925 139 982 ileum
156 926 260 983 mussi
281 929 408 998 qnodque
429 929 489 1000 ipse
512 929 586 986 Deus
608 929 652 986 sit
686 931 942 1002 Argumentandi
965 929 1110 988 divinitate
1130 930 1255 999 hominis,

56 1013 125 1082 quod
141 1013 171 1068 in
187 1013 404 1071 oontrsdiotione
420 1015 481 1072 luit
516 1017 587 1084 Quid
603 1019 641 1074 rit
656 1016 760 1074 dicerer
778 1019 862 1088 Queri
875 1022 955 1089 puter
970 1017 1132 1088 eipuidoouit
1147 1017 1184 1085 lp.
1200 1016 1254 1084 35).
1374 1005 1376 1010 ’
1419 1009 1448 1074 Η

56 1097 174 1154 uhriuus
190 1115 262 1154 nunu
283 1115 372 1169 eguus
394 1099 445 1156 Dei
468 1099 568 1156 dieitur
589 1118 662 1157 nune
685 1117 772 1172 ugnus
794 1099 867 1156 Deus
890 1099 1076 1172 prurientes,
1098 1101 1130 1154 ut
1151 1097 1255 1153 hebens

56 1182 138 1238 Deum
155 1183 199 1238 eol
216 1179 327 1238 nubitur
344 1201 362 1238 s
378 1183 436 1239 Deo
453 1184 512 1257 ipse
530 1185 614 1243 etiem
631 1186 704 1243 Deus
724 1189 890 1257 ugnosootur
912 1188 949 1257 (p.
971 1187 1024 1256 66).
1058 1181 1181 1250 usurus
1200 1182 1254 1237 ln·
1347 1193 1349 1198 ’

56 1267 176 1341 rustinus
201 1266 326 1325 nubitum
351 1268 530 1327 humanitatis
554 1270 584 1328 in
607 1271 715 1328 Christo
741 1272 874 1330 udstuut
913 1271 1024 1328 Nullum
1052 1266 1254 1325 similitudinem

56 1353 175 1411 sufficere
191 1354 227 1410 od
238 1353 444 1426 exprimendum
454 1356 581 1414 unionem
592 1357 681 1416 uernis
695 1362 724 1416 et
732 1357 816 1416 Verbi
825 1362 862 1430 (p.
871 1358 924 1430 68).
946 1355 1009 1414 Non
1024 1355 1111 1412 solum
1121 1353 1254 1422 nubitum,

56 1439 100 1496 red
118 1443 149 1497 et
168 1443 295 1496 usturam
311 1441 471 1513 prssdiesn',
494 1461 557 1500 oum
574 1445 618 1502 rel
635 1445 708 1502 Deus
725 1444 808 1501 homo
824 1443 869 1501 vel
885 1443 968 1500 tomo
984 1442 1058 1500 Deus
1074 1441 1181 1500 dieitur.
1204 1439 1256 1497 Oui
1374 1473 1379 1483 -

56 1529 169 1586 mnrime
181 1528 277 1587 similis
288 1530 325 1588 sit
335 1531 504 1604 prsediootio
522 1533 583 1592 ills:
600 1536 678 1593 Deus
693 1535 826 1592 attonso
845 1538 874 1591 et
895 1535 971 1591 torro
991 1537 1033 1590 est
1053 1533 1130 1590 Deus
1146 1533 1184 1603 (p.
1200 1533 1254 1602 40)

56 1616 153 1684 Qunles
169 1616 339 1675 differentius
356 1617 412 1675 sint
428 1618 464 1675 sd
481 1618 597 1676 inrisum
619 1619 749 1677 divinitus
770 1623 800 1678 et
821 1617 985 1678 numnius
1019 1616 1127 1674 christo
1149 1616 1200 1674 soli
1221 1635 1254 1674 er

56 1702 177 1760 omnibus
212 1703 366 1760 hominibus
403 1703 576 1762 divinitatem
605 1705 694 1764 inesse
710 1724 769 1779 per
798 1703 968 1762 diffinitionis
995 1705 1119 1764 formum.
1154 1705 1195 1762 De
1220 1723 1255 1762 ss.
1343 1701 1346 1706 ’

56 1787 246 1860 seriptursrum
263 1789 332 1846 serie
349 1789 534 1848 similitudinis
550 1793 686 1850 sdduotrre
703 1791 871 1850 oonlirmetio
890 1795 928 1865 (p.
949 1791 1003 1863 tl).
1036 1791 1187 1848 Primorum
1207 1807 1255 1847 sex

56 1874 157 1930 dierum
173 1875 306 1947 operstio.
340 1877 394 1934 Sex
410 1883 532 1935 setutum
549 1878 643 1935 muudi
664 1897 726 1936 ounr
747 1877 895 1950 primorum
916 1876 1020 1934 dierum
1042 1876 1171 1950 operibus
1192 1893 1254 1934 eon·
1277 1869 1280 1878 ’

56 1959 145 2016 sordis
161 1963 199 2032 (p.
215 1963 268 2034 42).
298 1962 452 2020 Similitudo
470 1966 499 2020 et
520 1963 765 2036 supereruellentis
780 1962 844 2020 nori
855 1963 944 2020 Adsrn
960 1964 997 2019 sd
1013 1967 1134 2021 veterem
1151 1965 1253 2034 (pti).
1352 2001 1356 2014 ·

56 2047 152 2102 Totum
169 2045 251 2118 Deus,
268 2050 358 2104 totum
375 2049 467 2106 horno.
505 2048 590 2116 Quele
607 2052 697 2106 totum
714 2049 838 2106 Christus
854 2049 962 2106 dicetur
978 2055 1019 2122 (p.
1035 2051 1087 2112 45).
1112 2047 1254 2105 Meliorem

56 2149 111 2190 esse
132 2151 243 2190 semem
267 2132 384 2190 hominis
406 2133 480 2206 opud
502 2133 590 2192 Deum
613 2153 696 2206 quum
718 2133 819 2208 rugeli.
856 2135 963 2207 Angelo
980 2127 1160 2206 personaliter
1175 2131 1254 2201 uniri,

56 2217 203 2275 divinitatis
219 2235 275 2274 uon
293 2236 360 2278 esse.
395 2219 471 2288 Quso
488 2220 644 2278 differentis
659 2221 704 2290 sit,
720 2221 808 2278 Deum
826 2219 927 2277 hebere
945 2221 976 2276 ut
1000 2219 1095 2277 vestiri
1117 2217 1254 2276 hominem

56 2309 80 2362 st
97 2323 156 2364 esse
174 2305 311 2362 hominem
331 2310 368 2378 (p.
385 2308 438 2378 46).
472 2306 549 2375 Quns
565 2307 709 2378 euomuit,
733 2306 821 2364 Deum
843 2306 971 2378 angelum
994 2303 1175 2378 personaliter
1197 2303 1256 2362 lieri

56 2409 105 2448 uon
122 2408 210 2464 posse.
245 2392 347 2449 contro
363 2395 490 2449 usturom
507 2411 589 2466 spere
610 2393 717 2451 suotori
739 2397 855 2450 noturee
875 2410 932 2449 non
954 2391 1091 2451 eonvenit
1124 2391 1203 2460 Quod
1227 2394 1257 2448 et

56 2479 156 2553 rngslis
172 2479 303 2537 oollstum
320 2479 357 2537 sit
372 2479 560 2538 inosmotioue
578 2479 668 2538 Verbi
703 2479 780 2537 Siout
796 2478 876 2536 nobir
892 2497 948 2536 non
971 2477 1068 2536 edimit
1084 2476 1255 2548 sensuntitus,

56 2566 184 2641 'urgloriu
201 2570 230 2624 et
254 2567 425 2626 tentitudine
447 2567 505 2626 fleri
527 2568 700 2642 angelorum,
722 2567 764 2624 its
785 2569 927 2640 resumpto
947 2566 1103 2624 humanitus
1127 2565 1183 2623 lilio
1203 2565 1256 2623 Dei

56 2679 105 2718 ron
122 2657 226 2728 udtuit,
243 2657 272 2713 in
289 2654 378 2729 glorie
394 2655 551 2713 omnimudn
568 2673 628 2713 erse
644 2654 696 2714 Dei
712 2654 799 2728 petris
816 2658 854 2728 (p.
867 2657 921 2727 47),
944 2655 1117 2713 lisndsoiuru
1128 2655 1254 2714 l'olmori.

56 2748 91 2806 De
116 2743 312 2804 rerurrectione
334 2746 364 2801 et
390 2742 526 2814 quulitute
554 2759 697 2815 corporum
721 2741 920 2816 resurgentium
943 2748 981 2815 (p.
1002 2745 1055 2816 48).
1089 2742 1255 2800 Caelestiuur

56 2851 194 2906 rorporum
211 2832 254 2890 sel
277 2831 458 2904 spiritualium
475 2832 511 2888 nd
534 2835 658 2889 terrenae
675 2830 908 2903 oompsrotiouem
924 2851 980 2890 nou
997 2849 1056 2890 erre
1073 2832 1111 2904 (p.
1127 2833 1180 2902 49).
1213 2829 1254 2886 De

56 2918 177 2992 potentio
199 2921 229 2976 et
246 2917 393 2990 veloeitute
414 2917 596 2990 spiritualium
617 2935 769 2990 corporum.
807 2919 963 2978 Potentiam
991 2918 1071 2976 solidi
1093 2915 1255 2991 penetrrudi

56 3009 81 3062 st
97 3005 271 3062 velocitatem
288 3004 409 3060 nondum
426 3003 624 3062 beatitudinem
641 3023 710 3075 esse,
731 3023 794 3062 oum
816 3010 847 3063 et
869 3008 922 3062 hoo
944 3005 1024 3062 mulis
1047 3020 1189 3063 eommune
1210 3003 1254 3062 rit

56 3090 121 3159 Quid
133 3090 170 3146 sit
181 3089 322 3147 beatitudo
334 3093 364 3147 et
378 3089 470 3148 videre
485 3089 572 3147 Deum
588 3093 661 3152 suut
675 3099 717 3152 est
732 3093 770 3164 (p.
780 3095 834 3162 50).
860 3091 1014 3149 Similitudo
1025 3091 1055 3147 in
1066 3089 1253 3148 materialibus

56 3176 160 3234 ridendi
169 3176 256 3233 Deum
266 3179 337 3236 eiust
350 3184 398 3237 est.
424 3179 464 3235 De
476 3180 680 3238 oonsersstione
694 3184 810 3236 nntume
824 3183 935 3236 nostrus
949 3178 978 3235 in
991 3178 1040 3234 ills
1049 3174 1253 3234 resurrectionis

56 3262 176 3332 potentin
191 3280 242 3334 per
258 3264 450 3321 similitudines
462 3265 580 3336 prebete
596 3269 633 3338 (p.
645 3269 698 3338 51).
726 3265 767 3322 Ι)ο
784 3265 911 3337 psrndiso
928 3281 961 3320 uo
978 3263 1060 3320 tertio
1072 3262 1157 3320 oeslo.
1183 3259 1254 3329 Quid

56 3347 86 3403 rit
103 3347 131 3403 in
148 3365 232 3420 regno
249 3349 300 3407 Dei
317 3351 430 3423 pnlpere
448 3355 478 3408 et
493 3351 593 3422 videre,
611 3353 774 3409 muuduoure
791 3355 822 3408 et
837 3351 930 3408 bibere
947 3352 985 3422 (p.
1001 3350 1055 3422 bt).
1083 3348 1155 3417 Quid
1172 3347 1208 3404 sit
1225 3346 1254 3402 in

56 3450 134 3506 regno
152 3433 204 3490 Dei
219 3435 340 3508 duplicis
357 3437 504 3509 possidere
529 3436 570 3495 De
588 3438 842 3510 quinqueremibus
858 3435 1040 3494 oonsiderutio
1051 3439 1081 3492 et
1092 3436 1128 3491 sd
1140 3431 1256 3505 triginta

56 3524 196 3592 rrgeumos
218 3523 329 3580 collatio
354 3529 391 3594 (p.
414 3525 467 3592 56).
501 3523 552 3580 Pie
576 3525 660 3582 emtio
686 3523 796 3580 Domini
821 3523 887 3580 lesu
912 3525 950 3595 (p.
974 3525 1027 3591 bt).
1066 3521 1106 3577 De
1128 3517 1256 3592 potentie

56 3607 161 3676 spiritus
177 3608 207 3662 in
224 3609 336 3664 oselsrti
353 3607 453 3679 petrin,
470 3600 545 3665 sient¹
557 3609 602 3666 hio
619 3627 683 3666 osso
700 3625 766 3665 ruse
783 3610 930 3678 possumus
948 3613 992 3666 est
1007 3611 1045 3679 (p.
1055 3607 1109 3678 57).
1133 3605 1255 3675 corpora

56 3691 106 3766 llio
129 3691 226 3762 spiritu
249 3691 379 3748 interior-r
400 3709 456 3748 non
477 3709 536 3749 erse
559 3697 597 3764 (p.
619 3697 672 3764 58).
712 3695 753 3749 Ι)ο
776 3693 960 3750 vicissitudine
981 3691 1102 3764 purndisi
1122 3707 1156 3746 rro
1178 3687 1255 3744 tertii
1295 3693 1303 3706 ·

56 3771 127 3831 eseli
161 3775 232 3842 Quid
252 3775 290 3831 sit
311 3775 367 3831 illie
390 3775 468 3845 qussi
491 3793 545 3832 nox
568 3783 597 3834 et
617 3778 676 3834 diss
699 3781 736 3848 (p.
760 3781 812 3848 oe).
846 3775 1073 3847 Quinquepertita
1098 3773 1190 3844 persio
1218 3772 1254 3827 sd

56 3877 143 3916 sensus
160 3861 279 3932 quinque
295 3865 334 3934 (p.
350 3865 403 3933 60).
431 3862 473 3920 Ι)ο
490 3861 684 3919 ersimilutioue
702 3861 806 3934 glories
824 3860 926 3917 Christi
942 3877 1005 3916 ourn
1021 3859 1177 3915 humilitate
1194 3858 1253 3912 dee

56 3945 186 4002 tensionis
208 3950 238 4003 et
253 3948 350 4002 mortis
372 3954 410 4018 (p.
433 3949 485 4018 61).
520 3947 599 4015 Quod
621 3963 722 4003 ooronn
750 3947 847 4018 opines
874 3945 986 4002 ulterius
1008 3961 1125 4000 ooronse
1147 3941 1254 4014 signum
1363 3955 1370 3965 ·

56 4029 142 4087 luerit
187 4031 228 4090 Ι)ο
256 4031 452 4089 resurreetione
481 4033 511 4088 et
533 4031 691 4088 assensione
713 4031 858 4088 dominius
897 4028 938 4086 Ι)ο
961 4031 1100 4100 potsstste
1122 4025 1254 4094 mirandi,

56 4133 121 4185 pune
139 4116 206 4172 dsts
223 4121 266 4174 est
282 4116 399 4173 Domino
416 4116 490 4187 lesu,
512 4133 574 4172 oum
591 4115 666 4187 prim
685 4115 818 4187 perdendi
835 4113 934 4186 impios
956 4115 1124 4186 potestatem
1139 4111 1255 4167 heberet

56 4202 89 4271 [p.
106 4203 159 4273 dt).
193 4202 233 4259 De
250 4205 392 4274 potsstste
405 4201 556 4272 judiosudi,
573 4217 644 4270 quse
661 4201 728 4256 dots
744 4205 787 4256 est
812 4201 867 4257 fllio
885 4197 1003 4256 hominis
1026 4201 1070 4254 eut
1084 4196 1114 4251 in
1130 4213 1163 4253 eo
1180 4197 1254 4266 quod

56 4287 94 4340 ert
110 4287 200 4343 homo.
236 4285 411 4354 Quorundam
428 4288 463 4343 de
480 4285 554 4342 omni
571 4288 710 4356 potsstste
732 4285 913 4342 contradictio
930 4291 970 4357 tp.
987 4284 1040 4351 65).
1073 4281 1254 4337 Attunusinm

56 4369 168 4426 offerunt
189 4387 239 4442 pro
263 4375 433 4442 orgumento.
471 4372 599 4444 congrue
623 4371 759 4427 diutorum
785 4371 930 4427 Athnnsrii
945 4367 1130 4442 intelligentie
1145 4368 1184 4439 (p.
1200 4369 1253 4436 66).

56 4455 193 4526 inquisitio
215 4456 250 4513 ds
272 4458 391 4528 desuper
412 4455 584 4514 coelestibus.
623 4455 665 4512 De
685 4455 813 4526 psrsdiso
836 4459 953 4526 terreus,
975 4453 1089 4512 oueleeti
1110 4469 1143 4508 uo
1169 4449 1253 4508 tertio

56 4541 127 4597 :selo
144 4543 182 4612 (p.
199 4543 258 4613 67).
291 4541 333 4598 Ι)ο
354 4541 477 4598 sensibus
502 4540 823 4614 spississimum).
856 4540 898 4598 Ι)ο
920 4539 1047 4612 psrsdiro
1068 4535 1253 4594 eooledutios
1283 4537 1288 4550 “
