3010 5300
96 65 150 121 ef

75 155 118 209 1¹³

106 199 119 308 i
140 243 142 248 ’

102 317 117 374 e

98 383 118 522 i
525 437 859 516 nnonoonrrous.
1251 451 1292 512 er

56 536 217 694 ⁴,qioribus
247 609 401 674 humanae
431 609 516 674 roem
548 600 678 693 imperio
706 610 836 696 perficit,
865 609 939 677 duni
968 632 1053 677 mare
1080 610 1169 678 daia
1195 613 1296 682 emeat

17 661 46 802 Γ
90 709 239 795 resimis,
260 710 335 776 dum
355 710 490 777 moriens
511 709 633 777 inferna
657 711 803 791 concutit,
829 712 903 777 dmn
924 732 1043 796 ponens
1063 713 1130 799 ipse
1150 714 1295 796 animam

90 814 219 879 eandem
239 813 367 899 propria
387 817 542 898 potestate
563 813 700 894 resumit
721 819 753 880 et
765 834 896 901 surgens
917 814 955 880 ad
969 813 1126 882 dentum
1147 819 1295 902 paternae

88 914 262 1000 majestatis
289 915 438 995 aseendit.
466 917 541 983 dum
570 917 652 983 dona
679 917 840 984 remittens
868 918 991 982 tandem
1016 917 1212 1002 judieatrms
1240 921 1294 986 ad·

88 1018 199 1086 veniet
241 1016 278 1084 In
300 1017 444 1084 omnibus
469 1019 517 1086 his
539 1041 637 1108 agnus
658 1019 812 1087 Dominus
833 1023 938 1086 noster
958 1018 1050 1086 Jesus
1071 1019 1210 1089 Christis
1230 1045 1293 1090 uon

47 1171 50 1180 J
87 1122 190 1188 solum
218 1142 318 1209 agnus
340 1121 408 1200 Dei,
436 1123 489 1188 sed
515 1125 548 1188 et
575 1143 675 1210 agnus
700 1122 785 1188 Deus
812 1126 867 1201 est
896 1143 975 1188 unus
1004 1127 1099 1209 atque
1124 1125 1207 1191 idem
1226 1125 1293 1211 ipse

87 1223 172 1290 mitis
193 1228 226 1291 et
246 1222 345 1304 fortis,
373 1223 472 1292 celsus
498 1230 530 1292 et
556 1224 691 1305 humilis,
717 1245 780 1291 non
805 1225 908 1292 solum
933 1225 1070 1293 exsulem
1096 1230 1129 1294 et
1148 1226 1238 1295 fortis
1259 1228 1292 1294 in

87 1349 134 1407 eo,
154 1327 239 1413 quod
260 1331 308 1394 est
329 1332 361 1394 et
382 1331 448 1395 erat
468 1328 509 1394 ab
530 1332 655 1395 aeterno
677 1330 771 1408 Deus,
798 1327 852 1396 sed
873 1333 905 1394 et
929 1326 962 1394 iu
983 1347 1029 1408 eo,
1055 1329 1140 1415 quod
1160 1329 1193 1396 in
1214 1335 1291 1398 tem·

86 1449 161 1514 pore
182 1432 274 1494 natus
295 1427 465 1495 esthemo.
1388 1435 1393 1446 '

190 1531 353 1616 Qraimcite,
375 1533 420 1600 ait
447 1535 600 1620 propheta
619 1533 724 1616 isaias,
745 1535 784 1603 ab
810 1535 946 1617 hanina
973 1533 1065 1620 eujus
1090 1535 1228 1622 spirita
1251 1537 1291 1606 ira

86 1639 223 1708 numbers
249 1639 333 1724 ajam
359 1640 439 1725 quoio
464 1641 602 1709 escebea
627 1646 794 1726 reputebas
820 1646 867 1710 eet
891 1640 967 1726 abac.
1010 1639 1105 1718 Quasi
1133 1639 1216 1709 dicat
1242 1641 1289 1709 in·

84 1739 288 1826 disciplinatis
315 1741 448 1807 hominis
474 1743 568 1827 hujus
592 1743 850 1822 aestimatoribus,
874 1743 975 1828 primo
1003 1742 1129 1826 quidem
1154 1744 1290 1825 Judaeis,

83 1841 195 1908 faeiem
217 1841 284 1926 ejus
304 1844 502 1910 moerendum
524 1843 765 1930 conspuentibus
786 1849 819 1910 et
838 1845 938 1931 alapis
962 1844 1070 1910 mitem
1091 1864 1128 1910 ao
1148 1865 1289 1911 manme-
1324 1847 1397 1931 (8¹2)

85 1949 154 2009 tum
175 1944 379 2036 eaedentibus,
400 1945 509 2012 deinde
528 1946 698 2025 haereticis,
718 1945 874 2013 divinitati
894 1945 1030 2012 hominis
1044 1946 1289 2014 detrahentibus:

85 2067 166 2130 quae
194 2045 342 2111 mmirum
370 2047 466 2112 facies
494 2047 549 2114 illa
577 2052 633 2127 est
662 2070 757 2133 quam
785 2047 843 2114 sub
872 2052 948 2133 typo
968 2047 1159 2115 dudaeormn
1186 2047 1289 2134 Moysi

85 2147 188 2214 videre
209 2153 356 2236 negatruu
379 2155 432 2217 est
468 2148 531 2236 ipsi
552 2151 635 2216 eninr
656 2151 724 2216 sola
744 2149 913 2236 posteriora
931 2150 1016 2230 Jesu,
1036 2150 1068 2217 id
1089 2155 1134 2217 est
1155 2148 1289 2216 tonnam

84 2251 117 2316 in
139 2273 175 2316 eo
198 2252 352 2318 humanae
373 2251 569 2332 infinuitatis,
594 2253 627 2319 in
648 2275 711 2338 qua
730 2274 838 2337 passus
860 2257 915 2329 est
936 2257 1130 2332 contuentur,
1150 2251 1288 2337 ejusdem

84 2353 273 2421 infirmitatis
302 2355 449 2420 virtrrtem
477 2377 515 2420 ao
542 2355 736 2439 majestatem
765 2355 944 2442 ignorantes
972 2358 1004 2422 et
1025 2391 1067 2403 -
1088 2355 1171 2440 quod
1199 2353 1289 2440 pejus

84 2461 194 2523 est-
214 2457 298 2523 seire·
313 2458 463 2537 nolentes,
488 2479 584 2543 quam
610 2463 642 2523 et
667 2474 765 2542 usque
790 2457 883 2524 hodie
908 2479 980 2523 omn
1001 2456 1173 2538 haereticis,
1194 2461 1289 2543 atque

84 2559 232 2626 haeretici
257 2581 330 2627 erun
354 2559 419 2626 illis
446 2559 688 2626 detractionibus
712 2559 903 2626 infidelitatis
929 2559 1036 2625 velant
1060 2564 1093 2626 et
1113 2559 1288 2644 obscurant,

71 2649 205 2728 ¹summo
237 2663 340 2731 stadio
373 2663 410 2729 de
446 2662 610 2729 hominum
643 2662 703 2730 fide
734 2663 844 2730 tollere
875 2662 1047 2748 cupientes,
1077 2684 1117 2729 ne
1148 2661 1288 2730 Christm
1366 2658 1371 2668 '

85 2743 201 2844 ineos
222 2766 307 2850 quod
335 2767 428 2832 homo
460 2769 515 2844 est,
549 2765 669 2838 divinae
700 2765 833 2844 virtutis,
861 2765 1021 2850 potestatis
1052 2787 1089 2830 ao
1119 2765 1287 2851 sapientiae

82 2865 132 2946 sit
163 2887 200 2932 ae
234 2889 443 2952 numnquam
475 2871 623 2953 paternae
657 2868 776 2954 gloriae
808 2867 1029 2952 inaequalitate
1063 2867 1190 2934 consors
1221 2889 1286 2934 esse

82 2970 220 3054 potuerit
251 2975 306 3037 aut
333 2971 440 3056 possit.
493 2970 554 3038 Sed
583 2970 689 3058 arguit
718 2993 771 3037 eos
801 2991 902 3036 senno
934 2969 1142 3056 propheticus,
1170 2970 1286 3036 neena

85 3075 238 3158 Qrciesdte
262 3076 302 3144 ab
322 3077 459 3168 iserniae,
482 3077 574 3162 ercjres
595 3077 731 3162 susibus
752 3077 790 3144 iu
813 3075 954 3144 naribus
974 3075 1052 3160 ejas
1074 3075 1135 3141 hoo
1155 3079 1210 3156 est
1231 3075 1286 3161 qui

82 3181 245 3270 curcifixus
259 3184 360 3250 adhuc
373 3183 460 3263 vivit
481 3183 637 3269 qawaiom
652 3183 790 3250 oscelsus
803 3185 971 3266 reputatus
985 3186 1031 3249 eet
1044 3181 1118 3266 ipsc.
1154 3179 1285 3248 Sanctus

82 3283 164 3348 euim
185 3291 362 3352 sanctorum
381 3291 436 3365 est
456 3307 511 3352 rex
531 3307 640 3372 regruu
662 3289 695 3351 et
711 3283 854 3350 donuinus
872 3281 1106 3350 dominantium.
1131 3281 1284 3361 Quiesoite

81 3391 120 3451 ab
142 3407 179 3452 eo
200 3391 232 3455 et
245 3409 310 3469 vos,
331 3387 438 3456 discoli
459 3386 634 3454 scholastici
656 3389 688 3452 et
701 3385 865 3464 scholares,
885 3385 1080 3451 divinitatem
1101 3384 1141 3449 ab
1159 3383 1284 3450 homine

80 3485 145 3565 ilio,
166 3490 203 3554 de
224 3489 335 3574 spiritu
356 3494 463 3556 sancto
476 3493 625 3572 concepto
646 3491 778 3566 etanta,
796 3485 1015 3553 mathematico
1030 3485 1199 3565 intellectu,
1219 3485 1283 3552 imo

80 3611 153 3657 vero
174 3591 297 3658 ethnice
320 3597 352 3658 et
372 3589 502 3657 Judaioo
527 3611 619 3656 sensu
646 3587 823 3668 dividentes,
848 3591 1003 3676 quonum
1028 3589 1167 3658 musra
1191 3610 1282 3675 repre·

81 3701 169 3764 tetras
190 3703 236 3766 eet
257 3699 335 3784 ipsa
378 3696 445 3764 Neo
470 3696 594 3782 putetis,
619 3701 721 3782 patres
746 3698 935 3764 orthodoxos
959 3697 1155 3783 aliquetenus
1179 3695 1283 3762 sensui

80 3802 182 3864 vestm
203 3799 306 3866 favere
331 3800 364 3866 in
389 3821 435 3878 eo,
461 3800 546 3883 quod
570 3799 713 3864 habitum
739 3798 942 3866 humanitatis
967 3799 1000 3866 iu
1021 3799 1089 3866 Deo
1111 3799 1282 3866 adstruunt

80 3899 151 3965 Hoc
172 3901 254 3966 euim
276 3901 403 3980 iaciunt
423 3923 488 3967 non
509 3906 545 3966 ut
565 3899 723 3967 hominem
744 3902 843 3968 aDeo
864 3901 1011 3980 dividant
1031 3899 1085 3968 sed
1105 3905 1142 3966 ut
1161 3921 1281 3985 perma-

79 4001 217 4066 nentiam
238 4003 400 4087 utriusque
420 4009 559 4081 naturae,
584 4001 706 4068 divinae
727 4002 845 4069 seilicet
866 4005 1080 4080 atheniense,
1105 4001 1138 4067 in
1159 4000 1281 4069 Christo

80 4103 253 4180 adstruente
285 4104 370 4187 quod
399 4103 433 4168 in
464 4103 538 4188 ipsis
569 4105 605 4170 B.
627 4102 797 4190 Augustini
828 4104 930 4170 verbis
946 4104 1000 4170 de
1028 4102 1139 4168 habitu
1167 4100 1281 4168 habitis

79 4225 246 4292 agnoscere
266 4206 372 4289 palam
393 4209 447 4273 est.
483 4205 561 4271 (ium
583 4205 665 4271 enim
685 4210 758 4290 post
778 4210 849 4285 tres
870 4228 947 4292 quas
967 4207 1006 4271 de
1026 4203 1137 4270 habitu
1157 4201 1281 4270 distine-

79 4305 179 4374 tiones
207 4308 330 4388 fecerat
358 4313 502 4392 quartam
530 4307 741 4393 subjunxisset
765 4307 907 4392 speeiem,
935 4307 1103 4375 secundmn
1128 4328 1225 4390 quam
1245 4327 1283 4372 ea

80 4429 163 4492 quae
181 4408 325 4476 accidunt
344 4412 506 4475 mutantur
533 4431 596 4476 uon
617 4433 637 4475 a
656 4431 713 4474 arra
740 4413 860 4488 natum,
887 4410 940 4476 sed
969 4408 1063 4474 aliam
1091 4407 1224 4492 speeiem
1245 4427 1281 4474 ac

79 4509 212 4576 formam
240 4509 405 4596 accipiunt
428 4515 471 4576 'ut
492 4516 539 4578 est
558 4509 661 4589 restis,
691 4533 754 4596 qua
781 4509 901 4594 dejecta
929 4515 1023 4594 atque
1050 4508 1190 4594 deposita
1217 4529 1281 4574 non

79 4611 174 4678 habet
201 4633 270 4678 eam
298 4612 441 4691 formam,
469 4634 531 4697 qua
558 4633 672 4690 murras,
701 4611 808 4677 induta
827 4645 871 4660 -
890 4611 1001 4678 induta
1024 4607 1109 4704 enim
1135 4609 1282 4676 membris
