3010 5300
545 339 878 446 APOLOGEVIGUS.
1268 398 1316 458 63

110 555 224 634 tuain
255 555 319 622 suis
348 557 388 622 cd
415 577 537 646 omnem
567 557 616 624 sui
645 555 869 622 sublimitatem
901 577 965 622 non
993 557 1194 623 exaltaverit?
1233 559 1316 636 aua

109 677 262 742 quaenam
282 657 345 722 alia
365 661 412 723 est
424 658 484 724 Dei
505 659 544 723 ad
565 681 622 724 nos
643 657 808 735 descensio,
828 657 888 722 nisi
908 677 982 722 suae
1003 657 1151 723 essentiae
1164 659 1197 723 in
1211 659 1315 724 nosti-i

107 757 229 845 generis
250 757 350 824 dorma
377 757 556 850 formaeque
571 759 757 824 'substantia
786 757 824 822 sd
844 779 902 822 rios
922 761 955 824 et
981 757 1063 823 intra
1082 779 1140 824 rios
1167 781 1314 844 piaesen-

108 858 206 924 tatio?
246 857 385 944 Alioqui,
416 859 443 924 si
471 880 535 925 non
565 859 598 925 in
625 857 747 937 nostris,
778 878 936 941 nunquam
955 858 1040 924 Deus
1067 857 1100 924 in
1127 859 1191 925 suia
1216 881 1314 944 super

7 1017 9 1048 ι
38 1008 39 1012 ¹
107 965 221 1026 terram
242 959 326 1026 risus
347 963 394 1026 cst
422 964 477 1026 aut
505 981 577 1025 cuni
606 959 783 1025 hominibus
803 963 1008 1026 conversatus
1049 959 1152 1026 Deum
1172 960 1253 1026 enirn
1273 961 1313 1026 in

106 1061 171 1127 suis
198 1082 289 1128 nemo
317 1061 396 1127 vidit
423 1082 561 1146 unquam
591 1083 648 1127 nec
673 1059 778 1126 ridere
804 1063 915 1144 potest
957 1057 1022 1126 Sed
1038 1081 1095 1126 nec
1114 1061 1147 1126 in
1167 1063 1230 1127 suis
1248 1063 1312 1127 nli-

106 1167 230 1250 quando
251 1165 284 1232 irr
312 1167 462 1234 mundum
483 1167 576 1246 venit,
605 1167 659 1232 sed
685 1186 807 1250 semper
827 1165 860 1231 in
879 1165 995 1232 mundo
1015 1166 1084 1245 biit,
1110 1171 1141 1232 ct
1165 1167 1312 1234 muudus

105 1293 176 1339 uim
197 1292 268 1340 aon
291 1271 444 1359 coguovit.
486 1270 587 1359 Igitur
603 1273 707 1338 Dcum
728 1273 766 1338 cd
787 1293 844 1338 iios
865 1271 1053 1338 descendisse
1072 1294 1137 1339 noir
1157 1274 1240 1340 aliud
1259 1277 1312 1339 mt

104 1395 198 1458 quam
227 1377 351 1439 nostrae
379 1377 507 1439 natiuae
534 1373 667 1439 formam
696 1373 904 1458 assumpsisse,
931 1373 965 1439 in
995 1395 1032 1440 ea
1051 1396 1158 1440 verum
1178 1379 1310 1441 naturae

92 1478 225 1540 'nostrae
246 1475 465 1566 subsistentem
485 1474 646 1541 nobiscum
667 1479 880 1542 conversatum
902 1497 975 1543 csse
1006 1474 1067 1554 Qui
1088 1475 1170 1542 eninr
1190 1476 1223 1542 in
1242 1475 1309 1542 suis

65 1593 66 1596 ’
104 1575 200 1642 videri
213 1575 435 1662 nobiscumque
448 1577 623 1644 conversari
638 1598 699 1643 nou
713 1577 827 1664 potuit
847 1582 954 1644 nostru
971 1577 1031 1644 sibi
1043 1599 1100 1664 per
1113 1577 1307 1645 nativitatem

104 1677 235 1766 virginei
255 1683 362 1766 partus
390 1701 428 1745 ex
448 1679 516 1746 Deo
548 1679 675 1765 propris
694 1685 726 1746 ct
750 1680 904 1746 nabimlin
931 1679 1013 1760 lecit
1042 1684 1086 1760 ut
1105 1680 1180 1746 dnm
1201 1686 1309 1747 nostra

99 1779 166 1865 jairi
187 1803 250 1847 nou
271 1781 373 1847 solum
395 1785 510 1860 nostra
537 1781 591 1848 sed
616 1786 649 1847 et
672 1804 729 1847 sua
756 1781 882 1866 propria
902 1786 934 1848 et
957 1782 1112 1849 nabirolia
1132 1782 1307 1861 existerent,

103 1881 168 1966 ipse
199 1883 232 1948 iri
263 1881 376 1948 uostris
404 1881 472 1966 jain
503 1881 567 1948 suis
594 1882 692 1949 rideri
717 1905 737 1949 a
763 1883 853 1950 nobis
883 1887 915 1949 ct
943 1883 1102 1950 nobiscum
1133 1883 1307 1950 conversari

7 1905 9 2050 t
46 2053 49 2058 ,
102 1987 214 2066 posset
249 1983 388 2068 Alioqui,
409 1983 436 2050 si
457 1983 584 2070 propiis
604 1987 711 2050 nostra
732 1988 763 2050 ct
783 2007 839 2051 sua
859 1984 917 2050 filii
937 1985 996 2052 Dei
1014 1985 1080 2070 jam
1100 1986 1224 2070 propria
1243 2007 1307 2051 uon

102 2083 240 2164 funeri
260 2084 327 2170 ipse
348 2085 381 2150 in
406 2086 521 2152 nostris
544 2085 619 2151 risis
643 2108 707 2152 non
727 2107 800 2152 rere
820 2109 857 2152 ao
882 2086 1005 2172 proprie
1025 2085 1122 2152 rideri
1147 2087 1307 2172 poturae„

102 2185 154 2250 sed
167 2184 256 2270 quasi
277 2187 426 2254 larvalem
447 2187 480 2254 in
500 2209 534 2254 se
554 2187 675 2254 aheneo
688 2187 832 2275 imaginis
852 2189 987 2274 speciem
1000 2187 1210 2274 praetulisset:
1230 2188 1307 2273 quia

102 2285 212 2366 videre,
233 2288 336 2371 ipsum
358 2289 460 2355 ridere
485 2309 549 2355 non
577 2293 664 2356 esset
706 2288 759 2357 sic
784 2288 866 2356 cuim
891 2289 1007 2356 diceres
1033 2290 1153 2356 homini
1177 2291 1305 2357 habenti

7 2387 8 2392 ’
102 2386 236 2455 larvam:
261 2389 350 2457 'l'olle
378 2389 505 2470 laruam,
533 2393 569 2455 ut
596 2394 627 2456 te
655 2389 783 2458 rideam.
825 2390 899 2456 Non
926 2395 1031 2458 autem
1058 2391 1111 2471 ita,
1139 2391 1167 2458 si
1193 2391 1305 2456 faciem

102 2489 236 2556 hominis
264 2490 422 2576 propriam
449 2493 643 2576 corporalem
670 2491 799 2571 rideres,
824 2491 925 2558 dicere
953 2493 1137 2570 unienter,
1164 2492 1306 2576 quamvis

103 2589 181 2657 facie
202 2591 338 2658 bominis
358 2593 559 2678 corporaliter
582 2593 648 2660 viss
669 2615 734 2660 nou
753 2599 855 2661 totum
876 2597 960 2680 quod
981 2599 1028 2662 est
1046 2594 1181 2661 bominis
1204 2593 1305 2660 visum

104 2691 152 2770 sit.
192 2692 320 2760 Etenim
340 2694 453 2774 anima,
473 2716 555 2780 quae
576 2699 624 2761 est
643 2695 747 2780 potior
767 2717 840 2781 pari
865 2695 1007 2776 hominis,
1026 2694 1227 2782 inrisrbssis†)
1248 2701 1305 2764 est

103 2793 251 2860 Attamen
271 2793 337 2862 risa
365 2795 444 2864 facie
465 2795 619 2882 corporali
647 2797 782 2864 bominis
797 2801 895 2864 'totus
922 2799 1016 2864 bomo
1036 2797 1120 2864 risus
1148 2801 1203 2878 cst
1229 2796 1304 2884 quia

103 2899 134 2960 et
160 2895 272 2974 anima,
303 2896 376 2964 licet
406 2897 579 2978 invisibilis,
610 2897 644 2964 in
671 2921 815 2966 sensuum
847 2904 951 2966 tomen
983 2899 1198 2986 corporalium,
1224 2919 1304 2985 quos

7 3069 8 3078 χ
101 3001 253 3082 operatur,
281 2997 449 3081 effectibus,
480 3006 514 3068 ct
540 3001 607 3088 ipsa
632 3001 861 3087 quodammodo
891 3001 1013 3070 videndi
1040 3003 1133 3090 modo
1162 3001 1228 3069 visa
1248 3006 1302 3069 est

7 3169 8 3202 1
102 3097 153 3165 Sic
173 3119 246 3186 ergo
269 3103 302 3166 et
321 3103 358 3169 dc
376 3101 475 3170 Verbi
495 3103 613 3171 risione
633 3103 666 3170 in
687 3125 779 3171 carne
801 3108 833 3171 et
852 3103 1045 3171 humanitate
1066 3104 1192 3191 propria
1211 3103 1303 3170 emti-

7 3209 8 3238 *
101 3202 248 3269 mendum
269 3207 324 3284 ei
352 3204 406 3290 qui
434 3205 577 3273 videlicet
602 3205 703 3292 ipsum
724 3205 864 3274 Verbum
889 3207 922 3274 in
942 3228 1033 3274 carne
1054 3211 1086 3274 et
1109 3205 1304 3273 humanitate
1406 3287 1408 3290 Ι

102 3303 227 3390 propria
240 3303 341 3372 visum
362 3307 396 3374 iri
416 3308 506 3376 terris
527 3308 568 3375 sit
589 3313 621 3375 et
635 3329 705 3374 cuni
726 3307 904 3376 hominibus
924 3313 1145 3377 conversatum
1175 3307 1302 3376 Etenim

102 3405 159 3473 etsi
180 3429 304 3474 carnem
329 3410 582 3500 corporalemque
603 3409 671 3496 ejus
697 3413 961 3479 conversationem
982 3411 1092 3479 vidisse
1117 3433 1181 3478 non
1200 3415 1303 3477 totum
1437 3406 1441 3410 ’

102 3510 184 3594 quod
205 3515 253 3578 est
272 3510 386 3580 Christi
408 3513 458 3580 vel
479 3511 593 3580 Christi
613 3511 725 3580 vidissc
746 3513 796 3594 sit
823 3536 860 3582 eo
881 3516 965 3600 quod
985 3513 1082 3582 Verbi
1102 3513 1247 3581 divinitas
1266 3512 1302 3580 in

101 3611 148 3678 sui
169 3618 281 3681 natura
301 3613 465 3700 invisibilis
483 3619 538 3696 cst
557 3615 661 3702 ipsum
681 3620 787 3682 tomen
798 3615 937 3684 Verbum
957 3637 1021 3683 non
1041 3617 1143 3684 solum
1164 3616 1197 3683 in
1210 3638 1302 3683 onina

101 3737 163 3796 sua,
183 3717 237 3782 sed
258 3721 290 3784 et
309 3717 467 3785 miraculis
487 3740 542 3804 per
562 3739 686 3784 carnem
706 3715 895 3784 mdierrtibus
916 3717 1016 3786 visum
1038 3724 1092 3786 est
1134 3717 1205 3784 Hoc
1225 3739 1300 3804 eigo

102 3821 147 3883 cet
159 3817 261 3885 Deum
282 3818 321 3884 ed
342 3840 399 3885 nos
417 3820 614 3900 descendisse
628 3821 730 3888 Deum
751 3819 784 3885 in
805 3819 925 3900 nostris,
946 3819 1084 3904 rodjam
1103 3819 1168 3886 suis
1188 3819 1301 3886 nabri-

100 3917 173 3984 totis
200 3922 313 3985 natura
339 3920 456 3988 effectis
484 3942 575 4007 super
605 3925 721 3988 terram
741 3919 842 3986 risum
871 3941 937 3986 csse
964 3922 996 3986 et
1024 3941 1095 3987 cum
1123 3920 1300 3987 bomimbus

100 4025 314 4088 conversatum
335 4043 408 4092 esse
1335 4030 1410 4114 (68)

198 4138 366 4207 Videamus
387 4161 462 4229 ergo
483 4162 571 4207 versa
591 4141 667 4222 rice,
692 4139 838 4224 adiuncto
855 4139 994 4225 justitiae
1014 4140 1124 4228 regula
1144 4145 1176 4207 et
1195 4137 1301 4225 aequi·

57 4317 60 4322 ¹
100 4237 172 4306 tetis
198 4237 298 4322 librae
319 4242 393 4330 quid
421 4243 463 4312 sit
493 4242 655 4311 ascendere
683 4241 742 4309 filii
769 4231 830 4309 Ilei
857 4243 896 4310 ad
926 4247 1067 4329 patrem·
1097 4239 1187 4310 Sicut
1216 4241 1299 4309 enim

100 4341 279 4412 descendere
296 4345 355 4414 Dei
376 4345 416 4414 ad
435 4366 492 4414 nos
513 4367 577 4412 nori
593 4344 656 4413 fuit
675 4343 761 4413 aliud
781 4367 876 4432 quam
897 4349 1002 4412 nostra
1020 4367 1077 4412 ma
1095 4365 1152 4430 pei
1164 4343 1300 4433 gatiam
1326 4373 1329 4378 ·

198 4552 225 4626 t)
242 4569 291 4612 nii.
309 4549 350 4610 bii
366 4554 388 4612 t
405 4550 556 4612 cessure.
