3010 5300
157 409 200 466 '14
439 401 618 458 annosus
647 401 1099 460 smcnsssscsccsffls

154 570 416 636 rationalitatem
440 571 632 638 cennsalitati
657 571 690 638 in
711 573 865 638 umbone
889 571 1024 638 hominis
1044 571 1226 640 naturaliter
1247 577 1279 638 et
1298 573 1369 638 sub-

154 672 359 739 stantialiter
377 671 487 752 univit
515 671 561 738 ita
587 695 740 740 summam
768 673 927 756 rationem,
952 696 1033 760 quae
1058 673 1125 761 ipse
1149 679 1204 754 est
1224 673 1371 741 rationali

154 779 333 842 eseam
353 774 573 862 adimaginem
593 799 681 843 suam
702 777 873 864 factaeper
892 777 1231 866 nativitatemvirginei
1252 778 1411 849 exDeo.

153 882 339 964 conceptus
359 882 392 944 et
410 883 519 964 partus
538 879 782 947 substantialiter
801 881 890 948 unns
910 879 1091 966 nequiverit

266 997 348 1064 'l'ale
360 999 443 1064 enim
461 1003 509 1066 est
521 999 590 1080 hoc,
609 1000 692 1085 quod
710 999 763 1066 isti
780 1022 836 1086 per
849 999 965 1066 ossium
986 1003 1019 1066 et
1030 999 1132 1066 camis
1144 999 1370 1086 corpulentiam

153 1103 190 1166 et
211 1100 426 1168 humanitatis
450 1101 576 1188 propria
599 1105 707 1169 sonus
727 1102 896 1170 divinum
920 1103 1067 1170 sirtrtem
1092 1106 1125 1169 et
1144 1102 1316 1188 potentiam
1337 1101 1382 1168 in'

108 1273 112 1278 ,
152 1202 328 1268 bomine·
342 1203 499 1270 christrm
520 1203 668 1270 wllatam
682 1203 846 1290 inputant
876 1204 976 1284 Quale
1036 1203 1107 1290 quis
1128 1204 1229 1290 primo
1242 1203 1369 1270 homine

152 1309 272 1372 creato
300 1309 334 1372 et
359 1306 400 1373 ad
427 1305 594 1394 imaginem
614 1306 675 1374 Dei
703 1307 849 1375 rationali
880 1308 964 1376 facto
992 1306 1146 1394 quispiam
1177 1309 1369 1374 contrastans

152 1408 344 1495 diepam
368 1409 480 1491 dicans,
506 1410 568 1478 hoc
591 1409 743 1492 sensibile,
771 1411 943 1478 minatum
969 1411 1120 1480 rationale
1145 1432 1208 1478 uon
1236 1431 1311 1492 esse,
1331 1431 1368 1478 eo

154 1513 252 1598 qnod
282 1513 406 1580 nullum
433 1512 466 1580 in
494 1513 638 1582 omnbus
662 1513 773 1582 mestis
793 1539 813 1582 a
833 1514 900 1597 Deo
928 1537 966 1582 ex
988 1517 1070 1582 tem
1090 1513 1300 1582 animantibus
1320 1535 1368 1582 ra·

154 1615 287 1684 tionale
306 1615 438 1684 insenbi
451 1616 616 1704 potuisset
634 1619 761 1710 adderet
774 1623 884 1686 ‘wtem
904 1620 943 1687 sd
964 1618 1141 1686 assertionis
1161 1641 1236 1686 suae
1257 1618 1368 1704 proba·

155 1725 275 1786 munh
295 1721 407 1799 (licens¹
426 1721 667 1788 rationalitatem
689 1721 822 1788 formam
843 1745 909 1789 essa
934 1723 1115 1809 angelorum
1136 1721 1169 1788 in
1189 1721 1285 1801 caelo,
1305 1743 1369 1788 non

29 1857 31 1863 =
154 1822 320 1902 animalis,
344 1823 429 1908 quod
452 1824 491 1890 de
516 1829 598 1891 terra
618 1825 736 1891 iactum
756 1823 820 1892 sit:
840 1825 923 1892 dieat
947 1824 1050 1904 stiam,
1076 1825 1159 1910 quod
1185 1824 1271 1891 caelo
1297 1845 1368 1890 cum

155 1927 252 1990 ferra
278 1929 335 1991 aut
361 1925 446 2010 quod
473 1926 656 1993 caelestibus
683 1947 754 1993 cum
781 1927 918 2006 terrenis,
950 1927 1033 2012 quod
1060 1925 1174 1992 rationi
1202 1948 1272 1992 cnm
1300 1949 1368 1994 sen·

154 2027 326 2106 sualitate;
355 2027 481 2114 insuper
504 2033 538 2095 et
561 2029 622 2095 hoc
647 2028 781 2114 adjiciat
811 2030 1083 2115 inconsequentem
1108 2051 1174 2095 esee
1198 2029 1368 2096 dictionum

43 2185 48 2192 .
156 2129 399 2210 eonnenonem,
424 2130 533 2210 dicere,
567 2131 628 2197 boc
651 2131 795 2198 sensibile
821 2132 972 2198 rationale
998 2153 1072 2220 esse,¹
1096 2131 1147 2196 vel
1173 2151 1368 2210 sosarmo,

156 2233 339 2300 coloratum
359 2232 543 2320 intelligere,
563 2237 596 2300 et
618 2235 722 2321 cum†)
744 2233 776 2300 in
801 2235 885 2302 hunc
905 2235 1039 2300 modum
1083 2234 1233 2299 Attamen
1253 2255 1316 2299 non
1330 2256 1367 2299 eo
1400 2247 1406 2256 ·

157 2334 271 2400 minus
290 2355 398 2400 verum
419 2338 474 2413 est
505 2334 650 2402 sensibile
674 2335 825 2403 rationale
846 2337 962 2402 factum
988 2357 1062 2416 esse,
1090 2334 1206 2401 animal
1227 2335 1265 2400 de
1286 2338 1368 2400 terra

158 2441 306 2504 creamm
330 2435 526 2526 intelligendi
549 2444 659 2524 potens
679 2438 818 2518 existere,
842 2439 1006 2506 caulem
1031 2437 1195 2505 mentam
1215 2459 1286 2504 cum
1307 2441 1367 2504 ter·

158 2561 245 2604 rena
263 2539 297 2604 in
315 2561 412 2605 unam
432 2545 574 2606 naturam
596 2541 755 2629 sunitasffl
771 2563 844 2608 essu
879 2541 962 2622 Non,
983 2542 1067 2627 qnod
1086 2538 1279 2607 mticnslitas
1299 2563 1377 2606 san·⁸⁴

159 2641 296 2708 sualitas
315 2641 425 2708 effecta
444 2646 494 2722 nt,
518 2642 569 2709 sel
590 2663 607 2710 s
627 2664 788 2722 consemm
812 2647 868 2710 aut
888 2643 973 2728 quod
993 2644 1071 2710 duae
1096 2641 1174 2709 istae
1194 2641 1313 2708 formae
1334 2642 1367 2708 in

158 2766 265 2812 unum
285 2743 349 2812 sint
361 2744 506 2812 contrane
519 2746 569 2813 sel
582 2745 756 2830 permistae,
776 2749 814 2814 ut
830 2751 962 2833 ubsque
982 2745 1015 2814 in
1033 2749 1132 2814 semet
1151 2746 1218 2833 ipsa
1231 2745 1367 2832 perlecta

160 2870 232 2914 non
251 2847 301 2914 sit
341 2847 493 2934 Alioquin
517 2852 550 2914 et
572 2848 668 2914 homo
695 2870 733 2915 ex
758 2851 802 2917 ais
823 2851 1008 2917 suntuna
1033 2872 1089 2917 nec
1113 2849 1248 2936 perfecte
1271 2849 1365 2916 ratio·
1438 2937 1442 2944 η

160 2951 247 3020 nalis
267 2973 324 3018 nec
343 2951 478 3037 perlecta
498 2951 652 3020 sensibilis
673 2952 825 3032 existeret,
849 2975 885 3018 eo
908 2953 992 3037 quod
1010 2957 1123 3020 'neutm
1143 2952 1313 3019 formarum
1333 2951 1367 3018 in

161 3077 198 3122 se
221 3053 359 3142 perfecta
382 3057 470 3121 esset
512 3053 585 3121 Nou
610 3053 693 3121 enim
718 3055 763 3121 sic
787 3054 918 3121 dicimus
943 3055 1083 3122 homines
1107 3055 1199 3121 unius
1226 3077 1291 3121 esse
1312 3077 1369 3122 rsus·v

68 3163 128 3244 (lt)
161 3161 265 3236 turrae,
291 3157 377 3242 qnod
402 3156 596 3223 ntionalitas
624 3156 816 3224 sensualitati
847 3157 897 3224 vel
933 3179 1046 3243 corpus
1073 3157 1194 3223 ammae
1221 3156 1367 3223 rationali

124 3265 144 3324 l
162 3259 370 3326 comentiata
388 3259 460 3337 sint,
488 3259 543 3326 sed
562 3281 618 3344 per
637 3260 887 3325 conformitatem
907 3281 1015 3325 omues
1038 3259 1180 3325 homines
1199 3259 1291 3324 unius
1312 3283 1366 3326 na·
1447 3263 1455 3275 '

162 3365 257 3427 nune
276 3381 343 3426 esse
367 3359 520 3438 diumtm,
547 3382 585 3426 eo
611 3361 703 3444 qnod,
730 3361 811 3427 sicut
837 3383 917 3426 unus
943 3351 1105 3445 quispiam,
1132 3361 1177 3427 ita
1202 3365 1234 3426 et
1253 3360 1366 3428 meteri

161 3483 274 3529 omnes
304 3483 342 3527 ex
373 3461 478 3527 anima
505 3461 651 3528 rationali
679 3465 711 3528 et
741 3463 880 3528 humana
906 3484 1007 3540 carne,
1037 3484 1076 3528 ex
1103 3461 1314 3528 rationalitate
1335 3466 1367 3528 et

114 3582 131 3642 s
160 3563 364 3631 animalitate
383 3561 543 3628 substituti
562 3562 649 3632 siut.
667 3563 806 3629 Dicimus
827 3583 902 3650 ergo
923 3585 1004 3642 vere,
1024 3562 1086 3628 hoc
1105 3561 1249 3628 sensibile
1269 3561 1365 3628 ratio·

160 3665 237 3732 nale
257 3685 333 3744 esse,
359 3664 502 3750 quamvis
521 3663 706 3731 sensibilitas
733 3665 926 3732 rationalitas
950 3687 1015 3731 non
1040 3664 1090 3742 sit
1117 3667 1149 3729 et
1166 3686 1187 3729 a
1208 3684 1365 3730 consano.

159 3767 218 3846 Et
245 3766 315 3834 inde
342 3769 589 3851 comaquentem,
616 3766 779 3853 quodi-fl)
804 3768 885 3832 banc
915 3765 1085 3833 dictionum
1102 3764 1365 3863 ¹conjunctionem

159 3891 230 3938 nou
249 3890 407 3957 negamus,
426 3868 599 3955 quia†t††)
620 3867 748 3955 quidam
766 3867 941 3935 scholastici
968 3889 1067 3953 nuper
1086 3868 1212 3934 meanto
1239 3866 1364 3933 nomine
1389 3893 1391 3898 ’

160 3975 449 4044 mmtclitctm
469 3973 584 4054 dicunt
603 3974 658 4041 sed
675 3979 708 4041 et
726 3973 788 4041 alio
805 3973 930 4041 nomine
950 3973 1244 4060 incomeqcceutiam
1264 3970 1364 4040 dicem

159 4082 299 4166 ponmt
323 4077 379 4144 ubi
402 4077 612 4164 praedicatum
637 4097 746 4144 causae
766 4099 830 4144 non
850 4075 1002 4156 redditum
1026 4077 1089 4158 sed,
1113 4075 1194 4142 sicut
1213 4078 1287 4142 ante
1306 4096 1364 4142 nos

161 4180 283 4248 dictum
302 4185 358 4260 est
382 4180 604 4268 inconsequens
624 4179 773 4247 connexio
792 4179 963 4247 diatonum
983 4201 1048 4246 non
1072 4177 1264 4264 praejudicat
1284 4177 1363 4246 seri·
1472 4247 1475 4254 ,

161 4282 226 4349 tati
244 4273 404 4382 &aarum
444 4277 571 4351 Etenim
591 4282 652 4350 hoc
671 4282 816 4350 ”nobile
836 4281 960 4362 mimo.
987 4283 1071 4368 quod
1099 4287 1147 4348 est
1173 4283 1278 4362 homo,
1305 4281 1363 4349 etsi

162 4420 1362 4562 —bco-onwisct-ulnmtuemm-uslstuom

162 4577 774 4653 Wfflm·-ttttlsm(ll·
1237 4607 1241 4617 ·
