3010 5300
512 423 848 484 arouoonurcus.
1237 444 1277 502 47

79 590 220 658 obstante
241 591 388 658 nimirum
410 593 544 660 naturali
565 615 668 660 renum
689 595 887 682 proprietate,
908 618 971 682 qua
990 621 1053 666 non
1072 601 1187 668 deeet'
1177 627 1279 690 rpsmn

77 714 181 758 rerum
203 695 393 760 conditorem
413 695 565 779 subjicere
587 697 637 762 rel
659 697 868 764 oonfundere.
889 722 961 780 non,
981 701 1119 786 inquam,
1139 706 1204 771 fieri
1224 728 1278 792 po·

77 795 195 875 tuissei,
215 800 251 860 ut
263 796 350 862 Deus
370 799 513 863 naturam
534 803 673 864 nostram
693 789 939 867 substantialiter
959 825 996 868 aa
1016 807 1226 888 personaliter,
1247 808 1287 874 id.

76 897 153 962 est
144 919 177 962 ιιι
197 897 245 963 sui
273 899 446 964 substantia
474 905 507 965 et
534 921 663 984 persona
691 907 867 982 assumserat,
895 903 940 969 ita
960 904 1111 986 videlieet
1138 913 1175 972 ut
1194 909 1277 974 Deus

75 998 222 1066 ethome
252 1006 284 1065 et
311 1001 405 1066 homo
436 1001 529 1078 Deus,
556 1001 639 1067 filius
660 1002 719 1067 Dei
748 1003 830 1068 filius
859 1004 1001 1085 hominis,
1033 1011 1065 1072 et
1086 1029 1277 1090 econverso,

75 1101 223 1168 veraciter
244 1124 280 1167 ao
300 1101 424 1187 proprie
445 1101 506 1168 diei
526 1107 639 1187 posset
660 1103 720 1169 nisi
745 1126 802 1188 per
822 1104 993 1172 nativitatis
1014 1113 1166 1188 naturam,
1193 1112 1278 1228 quod
1311 1115 1391 1198 (47)

1 1231 3 1248 >
74 1203 107 1268 in
128 1204 274 1292 virginali
305 1210 398 1290 partu
423 1204 495 1270 fact
473 1209 542 1270 ιιιιι
563 1209 619 1284 ar,
646 1205 705 1271 sibi
733 1206 891 1274 hominem
911 1208 1082 1277 univisset·
1103 1211 1274 1297 alioqrds
1250 1237 1276 1280 su

73 1314 194 1392 praeter
214 1307 385 1374 nativitatis
406 1312 549 1374 namium
562 1307 721 1374 hominem
736 1309 890 1394 quampiam
905 1311 964 1377 sibi
977 1313 1134 1410 ualuisset,
1148 1315 1276 1382 restitus

71 1411 174 1495 potius
202 1409 369 1488 hominem,
400 1432 494 1494 quam
527 1408 593 1496 ipse
626 1433 692 1477 esse
723 1411 818 1480 homo
853 1401 1085 1483 convenientius
1117 1418 1275 1488 diceretur.

72 1512 151 1591 Quia
172 1535 245 1578 vero
273 1512 456 1600 angelorum
484 1512 698 1597 multiplicitas
726 1535 764 1579 ex
792 1515 965 1602 propagine
984 1519 1193 1602 generationis
1213 1543 1274 1587 non

70 1614 223 1699 provenit,
243 1613 313 1680 ideo
334 1615 436 1680 Deum
457 1614 662 1699 personaliter
683 1618 715 1680 et
735 1615 980 1682 substantialiter
1000 1641 1096 1685 unum
1117 1621 1184 1687 fieri
1204 1645 1273 1688 eum
1312 1627 1315 1630 ’

70 1716 212 1801 quaelibet
226 1717 408 1804 angelorum
428 1721 557 1782 naturae
578 1715 659 1782 ratio
678 1738 742 1782 non
763 1717 896 1786 admisit
930 1719 1045 1786 naeus
1059 1722 1141 1788 enim
1154 1745 1274 1809 semper
1324 1797 1326 1800 ,

68 1819 314 1886 substantialiter
335 1819 375 1885 ab
396 1818 529 1884 invicem
547 1817 633 1884 Deus
655 1821 687 1884 et
706 1817 801 1884 homo
823 1818 954 1899 maed,
975 1823 1116 1906 quamvis
1136 1826 1272 1891 assiden-

67 1925 173 1992 taliter
200 1921 381 2008 eonjuneti:
408 1921 489 1988 sieut
515 1920 651 1988 Miehael
678 1921 883 2009 erohengelus
911 1927 944 1990 et
974 1926 1133 2010 apostolus
1160 1926 1271 1994 Petrus

67 2027 134 2093 Deo
156 2026 282 2112 quidem
302 2024 382 2092 uuiti
406 2030 487 2103 sunt,
512 2024 623 2090 nedtro
648 2027 753 2091 tamen
777 2023 917 2110 ipsorum
939 2027 1006 2093 Deo
1028 2028 1271 2097 substantialiter
1410 2055 1412 2065 ’

66 2130 116 2196 vel
136 2129 341 2215 personaliter
361 2127 519 2195 existente.
553 2126 598 2193 Et
617 2126 650 2192 in
672 2148 718 2206 eo,
739 2131 775 2192 ut
790 2126 907 2194 dietum
928 2132 983 2209 est,
1004 2131 1270 2198 oausahominum
1390 2185 1393 2190 Α

65 2255 174 2300 earuae
195 2232 378 2320 angelorum
399 2231 480 2316 apud
501 2231 603 2296 Deum
623 2229 728 2315 potior
749 2234 805 2311 est,
826 2231 908 2314 quod
930 2231 1088 2299 hominem
1108 2233 1168 2301 sibi
1185 2235 1273 2324 Deus

65 2336 266 2422 personaliter
296 2336 385 2401 unire
416 2335 529 2420 potuit,
558 2335 642 2418 quod
672 2333 704 2399 in
734 2333 847 2420 angelo
880 2333 947 2400 lieri
977 2335 1168 2422 impossibile
1200 2337 1267 2406 fuit

63 2440 155 2508 Unde
183 2443 215 2506 et
245 2439 387 2506 homines
417 2460 473 2523 per
501 2435 723 2504 incarnationis
754 2441 978 2504 sacramentum
1009 2440 1160 2526 redempti
1188 2445 1269 2521 sunt,

63 2543 168 2630 angeli
189 2565 262 2610 vem
292 2546 452 2628 apostatae
473 2541 506 2607 in
534 2563 608 2606 suae
636 2538 907 2625 praevaricationis
934 2563 1007 2608 oasa
1033 2541 1180 2624 derelicti,
1200 2545 1267 2611 Deo

63 2647 210 2714 nimiunn
239 2645 491 2736 eomuptibilibus
513 2648 545 2710 et
574 2641 810 2730 ignobilioribus
839 2643 985 2710 membris
1014 2644 1267 2714 abundantiorem

62 2750 211 2817 honorem
222 2747 434 2816 tribuentein
457 2769 503 2827 eo,
525 2747 606 2833 quod
628 2745 767 2812 homines
782 2745 996 2831 apprehendit;
1016 2750 1144 2835 angelos
1162 2755 1265 2818 autem

62 2875 126 2920 non
145 2851 357 2938 apprehendit
386 2873 465 2936 quos
487 2856 520 2917 et
544 2850 772 2935 apprehendere
798 2854 929 2916 naturae
954 2850 1060 2918 ordine
1080 2875 1143 2919 non
1164 2854 1267 2940 potuit

62 2979 98 3021 ae
125 2955 254 3040 proinde
282 2975 345 3019 non
373 2952 487 3019 debuit
530 2952 647 3020 Oontra
674 2957 818 3018 naturam
845 2973 981 3036 nemque
1009 2973 1101 3040 agere
1138 2960 1266 3023 naturae
1361 3033 1366 3042 ,

50 3057 181 3143 ,auctori
207 3077 268 3120 non
296 3054 449 3119 convenit.
492 3053 636 3119 Mirabile
662 3057 767 3118 tauma
792 3056 825 3118 et
848 3054 1042 3136 stupendum,
1067 3057 1151 3140 quod
1171 3063 1266 3125 -et
1349 3126 1354 3138 ,

61 3159 125 3222 tam
139 3155 259 3240 angelis
274 3175 368 3240 quam
383 3153 468 3218 omni
483 3157 641 3218 creaturae
661 3174 732 3218 oum
745 3152 916 3238 gratiarum
935 3155 1055 3220 aedona
1068 3157 1266 3221 aeternaliter

59 3257 256 3328 recolendus
276 3253 372 3326 -in
400 3254 525 3326 seminis
553 3255 698 3325 Abrahae
730 3255 976 3345 apprehensione
1004 3279 1023 3326 a
1050 3257 1118 3328 Deo
1146 3257 1264 3328 laetum

58 3369 112 3431 est
155 3364 192 3432 ln
214 3385 251 3431 eo
277 3384 421 3448 namque,
449 3363 533 3448 quod
554 3384 650 3428 unum
677 3361 738 3429 sibi
758 3361 918 3428 homiaem
938 3383 1033 3448 seque
1053 3362 1173 3430 homini
1193 3385 1263 3450 per·

56 3467 206 3533 sonaliter
225 3467 335 3545 unirii,
360 3488 424 3533 noa
449 3466 552 3532 solum
576 3471 707 3532 natissae
728 3465 868 3531 omnium
893 3465 1065 3545 homiuum,
1090 3469 1143 3534 sed
1167 3489 1262 3555 ange·

56 3569 158 3636 lorum
189 3591 225 3636 ae
260 3569 357 3636 totius
392 3573 549 3635 creaturas
581 3567 700 3635 naturis
735 3567 940 3653 participavit
992 3567 1098 3635 Habet
1128 3593 1263 3656 namque

56 3673 174 3757 aliquid
195 3694 357 3741 eommune
379 3694 450 3738 oum
471 3671 557 3738 amai
578 3675 719 3737 ereatura
739 3670 842 3737 homo.
884 3669 975 3738 Unde
997 3675 1029 3737 et
1048 3671 1152 3738 minor
1171 3693 1262 3738 mun·

55 3774 112 3840 dus
143 3773 263 3841 dieitur.
317 3773 422 3840 Habet
453 3773 537 3840 enim
568 3773 744 3860 intelligere
773 3793 844 3839 oum
879 3773 1011 3858 augelis,
1044 3773 1158 3840 sentire
1190 3795 1261 3840 oum

54 3877 250 3958 animalibus,
277 3876 381 3944 virere
408 3899 480 3944 enm
508 3875 678 3956 arboribus,
707 3897 772 3942 esse
803 3897 876 3942 eum
903 3873 1066 3959 lapidibus.
1108 3875 1201 3944 Unde
1228 3879 1262 3942 et

53 3985 128 4048 nato
149 3981 183 4048 in
203 3979 294 4048 terris
313 3979 450 4049 Domino
471 3979 576 4068 angeli
596 3979 716 4047 debitas
737 3979 844 4046 laudea
865 3977 899 4044 in
919 3975 1077 4046 altissimis
1097 3979 1166 4046 Deo
1188 3999 1259 4065 per·

53 4084 214 4162 sonabant,
242 4084 385 4168 eoquod
415 4082 547 4149 iosuae
576 4089 705 4149 naturas
736 4085 877 4148 consorte
908 4080 1035 4147 homine
1055 4081 1157 4148 Deum
1185 4080 1259 4146 snb-

52 4185 239 4252 stantialiter
258 4206 295 4251 ao
315 4185 519 4270 personaliter
539 4184 806 4272 recognoscebant
838 4175 969 4270 Ipseque
989 4183 1142 4250 Dominus
1162 4204 1257 4270 enge·

52 4287 155 4372 lomm
175 4287 208 4354 in
235 4286 396 4372 praesepio
418 4287 588 4354 eolloeatus
614 4291 669 4364 est,
696 4286 788 4352 rebus
813 4285 889 4371 ipsis
915 4285 1015 4351 adhue
1043 4285 1146 4350 infans
1166 4284 1258 4350 nobis

52 4391 280 4473 quodammodo
300 4391 442 4475 loquens,
467 4389 506 4456 ad
527 4392 676 4472 quantam
696 4408 800 4453 rerum
826 4387 1051 4453 extremitatem
1071 4407 1129 4471 pro
1150 4390 1257 4452 nostra

51 4490 263 4578 redemptione
283 4490 480 4570 deseenderit,
509 4491 583 4556 dum
609 4493 640 4556 et
668 4487 796 4555 animali
822 4493 951 4555 naturas
978 4491 1103 4554 nostrae
1130 4485 1255 4572 partiei-

50 4592 176 4677 patione
197 4591 297 4659 socius
318 4596 351 4656 et
369 4591 495 4676 insuper
515 4590 696 4657 animalium
717 4589 804 4657 eibos
825 4590 953 4658 effeetus
975 4593 1028 4656 est
1071 4587 1127 4654 eoi
1147 4593 1255 4654 temen
