3010 5300
253 475 292 534 ις
410 422 418 438 ’
497 464 1187 525 annolusamcnnasrnaoausva

250 640 335 724 quod
354 642 385 704 et
399 637 489 706 Deua
505 641 657 708 multumt
674 640 772 722 ffluor,
796 644 827 707 et
844 641 976 708 omno
992 639 1040 707 elli
1058 660 1183 722 uorum
1200 641 1284 726 quod
1301 644 1346 708 eet
1359 659 1459 724 ervper¹

250 765 344 811 come
374 765 491 811 marera
533 783 576 794 -
616 744 718 810 dicere
746 765 810 810 non
841 745 947 811 timuit
978 768 1026 824 ea,
1058 768 1138 830 quae
1169 746 1335 830 eubjnnota
1365 750 1438 812 aunt

250 844 440 924 caunum
460 846 582 914 videtur
601 848 662 914 hoo
682 867 797 914 nomen
817 847 924 914 datum
943 846 1071 915 homini
1114 845 1204 926 Quod
1223 849 1312 914 nulla
1332 847 1449 936 ratione

250 949 407 1034 competit
453 949 524 1017 Hoc
551 949 633 1017 enim
661 952 792 1029 donum,
822 973 887 1017 aeae
914 949 974 1017 Dei
1002 951 1114 1031 filium,
1145 949 1209 1018 hoo
1232 972 1359 1032 nomen,
1387 971 1454 1046 eeaq

249 1053 361 1130 Deum
381 1053 465 1136 qnod
484 1075 548 1118 non
568 1075 624 1138 per
651 1053 751 1120 solnm
772 1053 1022 1138 appellationem,
1048 1055 1102 1120 aed
1122 1071 1178 1138 per
1198 1058 1341 1120 namnam
1361 1067 1459 1155 superq

249 1177 342 1219 omne
362 1176 475 1220 nomen
496 1159 552 1231 eet,
579 1156 663 1239 quod
684 1177 747 1223 nou
768 1161 841 1238 poet
867 1155 1051 1239 passionem,
1078 1157 1132 1221 aad
1152 1155 1256 1238 potiue
1277 1180 1297 1220 a
1316 1161 1413 1240 patre,
1434 1171 1457 1221 at

248 1273 314 1334 qao
334 1253 428 1316 habet
451 1253 564 1328 omnia,
588 1273 658 1316 cunr
683 1259 891 1336 gerroraretru,
916 1253 1043 1336 occepit,
1068 1253 1128 1318 hoo
1148 1273 1223 1336 ergo
1244 1274 1307 1317 non
1329 1258 1376 1317 ent
1395 1255 1458 1342 lio-t

155 1351 215 1431 (lt)
247 1349 326 1416 mini
346 1351 467 1428 datum
487 1351 547 1418 nini
561 1350 632 1437 quia
652 1351 734 1418 forte
748 1352 838 1431 dicat,
858 1374 914 1438 per
934 1351 1131 1436 adoption·-
1152 1375 1218 1418 eeae
1239 1352 1355 1420 datum.
1390 1352 1453 1420 Sed

246 1451 394 1539 adoptivo
408 1454 476 1522 Deo
495 1476 560 1522 non
580 1454 716 1524 flectitur
733 1478 825 1524 omna
845 1478 937 1544 genti,
957 1479 1014 1522 nec
1032 1458 1080 1522 eat
1100 1453 1133 1522 in
1153 1454 1256 1544 glovia
1267 1454 1328 1523 Dei
1347 1453 1451 1542 patrie.

245 1559 332 1630 Nam
352 1565 427 1631 nato
447 1585 485 1632 ex
506 1563 574 1644 Deo
604 1565 664 1634 hoc
689 1565 845 1654 competit
892 1564 979 1634 Dicit
1003 1565 1087 1635 enim
1114 1565 1286 1654 apoetoluaz
1318 1564 1453 1653 Propter

244 1671 304 1740 hoc
323 1673 476 1741 dedititii
497 1673 587 1742 Deua
617 1697 741 1758 nouom,
770 1677 854 1762 quod
880 1681 925 1744 cet
950 1699 1045 1762 oropo·
1070 1697 1161 1744 corne
1192 1697 1318 1744 rworeo.
1361 1674 1451 1753 Quod

244 1775 327 1854 ideo,
353 1775 428 1862 qnia
454 1782 545 1844 natue
572 1779 699 1866 aceepit,
727 1783 764 1846 ut
791 1783 863 1866 poet
883 1779 1030 1847 ecclesiae
1050 1777 1307 1861 mandeetaretiu,
1327 1781 1451 1866 quoda

244 1883 336 1966 patre
363 1901 434 1946 cnm
460 1887 662 1969 generaretur
688 1884 875 1970 accepit-
901 1885 989 1950 liaeo
1015 1883 1193 1951 nominatus
1221 1883 1275 1952 ille
1302 1885 1452 1972 magister

136 2007 143 2020 ·
243 1982 348 2050 dicere
377 2006 442 2050 non
473 1985 639 2069 dubitavit,
669 1987 808 2055 imitatus
840 1989 993 2075 quendam
1015 1987 1214 2056 Ambrosium
1243 1992 1449 2076 cognomento

242 2087 449 2168 Audbertvrm,
469 2089 507 2156 de
524 2094 629 2158 monte
642 2091 673 2159 S.
687 2089 847 2158 Benedicti
866 2093 1060 2170 monachum,
1073 2095 1185 2176 putam
1202 2091 1283 2159 torte
1300 2114 1450 2178 magnum

242 2190 461 2267 Ambrosium
490 2191 571 2260 siout
599 2193 654 2260 alii
681 2215 806 2278 quoque
833 2193 867 2259 in
895 2195 1003 2260 eadem
1030 2193 1283 2280 aequivocatione
1315 2183 1456 2260 nominie'

241 2291 368 2377 doeepti
388 2297 468 2359 eunt
504 2293 573 2374 Sed,
594 2295 668 2362 lieet
680 2295 855 2381 quicunque
876 2296 1054 2374 monachus,
1067 2296 1243 2381 quicunque
1256 2296 1459 2401 Ambrosius,¹

241 2396 295 2461 vel
317 2393 411 2460 etiam
432 2397 561 2483 angelus
582 2399 618 2464 de
639 2397 766 2486 oaelo†)
787 2399 986 2485 evangelizet,
1006 2403 1221 2486 praeterquam
1242 2397 1331 2464 nobie
1357 2420 1448 2464 evan·

238 2497 415 2586 gelizatnm
432 2497 498 2583 jam
520 2499 596 2566 olim
617 2502 658 2567 ab
678 2501 828 2587 npoatolie
841 2505 874 2568 et
890 2501 1089 2590 evangelistis
1103 2505 1162 2568 eat:
1181 2501 1345 2568 anathema
1357 2501 1448 2567 nobie

239 2601 398 2686 ejusmodi
418 2602 557 2668 doctrina
576 2603 625 2670 eit

346 2721 438 2805 Hunc
455 2745 528 2790 eane
542 2729 757 2808 praenotatum
780 2725 962 2812 magistrum
984 2725 1051 2810 ejus
1072 2724 1227 2791 imitantes
1242 2721 1386 2809 discipuli
1404 2721 1448 2788 aio

236 2825 338 2893 etiam
352 2825 438 2910 loqui
452 2826 565 2894 solent:
585 2826 689 2894 Alioui
703 2827 815 2895 dicenti
838 2829 994 2895 hominem
1016 2821 1109 2896 illum
1121 2829 1223 2894 Deum
1245 2826 1384 2911 subjecta
1398 2827 1461 2892 vel'

235 2928 414 3014 euppoeita,
425 2929 578 3014 inquiunt,
591 2952 728 3016 perrona,
741 2953 849 2998 verum
869 2931 960 3008 dicim
980 2931 1140 3016 supposita
1160 2935 1280 3010 natura,
1298 2929 1447 2996 mentiris.
1463 3015 1465 3026 Ι

235 3031 389 3115 Dumque
418 3031 628 3117 inquinentur,
659 3053 753 3118 qnam
783 3054 850 3100 rem
882 3055 1044 3118 personam
1076 3032 1248 3112 nominent,
1280 3035 1319 3100 ad
1351 3031 1466 3099 Verbiss

234 3133 427 3200 manum
446 3156 480 3200 ae
499 3133 755 3222 significationem
777 3135 982 3222 ndatdngunt,
1009 3141 1046 3201 ut
1074 3135 1232 3202 hominem
1253 3139 1446 3220 assumptum

233 3263 257 3304 a
279 3235 462 3316 divinitatia,
489 3235 523 3304 in
543 3259 606 3324 qua
625 3243 717 3304 natue
745 3242 799 3317 eet,
827 3239 962 3304 naturali
990 3236 1091 3305 torma
1112 3242 1144 3303 et
1162 3238 1272 3326 gloria,
1299 3237 1447 3304 simulet

232 3361 392 3429 parronae
411 3339 635 3426 aignificatione
648 3339 772 3426 penitus
793 3341 966 3408 excludant.
987 3339 1081 3406 Item:
1095 3339 1155 3418 Qui
1169 3341 1275 3407 dicunt
1287 3339 1446 3407 hominem
1464 3393 1466 3404 .

232 3444 334 3510 illum
355 3443 466 3520 Deum,
486 3446 518 3509 et
538 3463 556 3508 e
577 3463 733 3522 converso,
761 3441 859 3528 tropo,
881 3442 1038 3534 inquiunt,
1064 3441 1318 3509 accidentalitatis
1337 3403 1466 3532 veruml

231 3544 445 3633 loquitnr.††)
487 3545 640 3631 Dumque,
666 3549 791 3630 tropum
817 3545 1003 3614 accidentiae
1024 3566 1117 3631 quem
1144 3544 1315 3623 nominent,
1343 3543 1445 3630 inqui-

230 3655 363 3728 nmtnr,
382 3653 507 3736 tropum
528 3648 715 3717 accidentiae
734 3673 768 3715 ee
788 3647 876 3716 aiunt
896 3649 996 3716 dicere
1017 3649 1124 3728 colere,
1152 3647 1206 3714 ubi
1234 3647 1445 3734 praedicatum

230 3776 305 3822 non
325 3751 465 3820 redditur
485 3775 607 3832 caruem
630 3757 668 3820 nt
687 3753 714 3820 ei
734 3752 816 3820 dicat
836 3752 920 3840 quia:
941 3753 1103 3821 Coloratna
1124 3751 1280 3840 intelligit
1322 3752 1367 3817 At
1387 3714 1464 3848 noel

229 3857 371 3927 homine
398 3855 453 3924 illo
481 3856 514 3924 in
540 3858 644 3924 Deum
672 3862 830 3944 aeeumpto
857 3861 888 3924 et
918 3861 1002 3935 nato,
1032 3855 1064 3922 in
1092 3853 1248 3923 locutione
1275 3854 1451 3958 supposith

228 3959 403 4038 aodimus,
433 3982 504 4026 eom
534 3959 723 4046 simpliciter,
754 3959 878 4047 proprie
909 3981 945 4026 ao
974 3981 1046 4026 vera
1067 3961 1175 4052 'Deum
1205 3957 1455 4055 praedicandum¹

227 4071 337 4150 atque
367 4061 632 4147 pronunciandum
661 4085 740 4142 eaeo,
769 4062 850 4129 eiout
874 4061 1092 4150 evangelistae,
1113 4060 1256 4148 apostoli,
1286 4059 1381 4126 aimul
1412 4063 1446 4156 et

227 4165 414 4255 prophetae
440 4164 619 4244 docuerunt,
645 4167 792 4250 nullaque
820 4167 921 4252 figura
947 4169 986 4234 ad
1014 4166 1228 4252 exponendum
1249 4184 1328 4248 quae
1349 4161 1458 4256 planaa

217 4271 316 4336 ‚nont
335 4288 415 4352 opua
435 4288 510 4347 eoae,
528 4267 787 4352 quemadmodum
807 4267 902 4346 aiunt,
922 4271 1013 4354 tropo
1033 4265 1240 4344 comitantiae,
1259 4268 1351 4349 tropo
1365 4261 1459 4354 acci·²

225 4367 373 4447 dentiae,
398 4369 450 4436 vel
475 4369 595 4436 ratione
623 4365 778 4436 comortii.
819 4368 976 4449 Quantum
1005 4367 1148 4436 enimin
1175 4367 1343 4435 meertione
1371 4363 1461 4464 fidei,

223 4475 367 4544 noemae
386 4469 484 4558 tmpia
504 4471 663 4555 addideris,
683 4475 805 4540 unum
823 4470 1016 4560 simplicitati
1036 4493 1073 4537 ac
1086 4465 1210 4539 veritati
1230 4469 1375 4559 propriae
1395 4469 1450 4554 lo·‘¹

343 4623 886 4728 ttutrda-tttlvcmtartt·
998 4683 1000 4690 ¹

1451 4697 1454 4723 t

1449 4747 1453 4790 l

1442 4814 1446 4846 l
