2928 5292
250 449 254 456 ,
385 344 783 438 'uronbenrrous
963 419 965 424 .
1174 389 1212 448 21

15 551 56 618 ab
70 573 107 618 eo
121 553 290 631 dumtaxat
304 551 360 638 qui
378 549 479 638 primo
494 552 674 640 Aegyptum
691 549 861 638 reliquerit,
874 573 910 618 so
926 550 1036 619 deinde
1052 551 1218 620 rationales

15 655 209 722 innocentiae
229 677 341 742 greges
361 653 490 741 paverit,
516 653 672 740 tertioque
696 654 755 731 bos
775 655 860 742 ipsos
880 656 919 722 ad
939 654 1087 723 interiora
1106 657 1217 724 deserti
1341 697 1346 706 ·

13 758 186 826 minaverit
215 757 300 825 Huic
313 779 387 844 ergo
407 756 467 825 soli
480 757 618 825 Domino
639 757 699 824 sibi
712 758 813 844 primo
835 762 1003 845 apparente
1024 762 1056 825 et
1069 757 1216 826 visionem

12 862 85 927 rubi
112 861 249 928 ardentis
276 861 457 928 ostendente
484 860 616 928 bonane
643 860 718 927 beot
742 883 780 927 ao
805 861 931 946 propius
956 862 1099 928 soaedere
1121 866 1153 928 et
1171 862 1216 928 vi·

12 964 132 1032 aionem
153 965 269 1052 hano†)
291 985 437 1051 magnam
458 963 495 1030 de
521 984 617 1050 prope
638 963 749 1044 videre,
769 964 796 1030 si
817 963 947 1031 lormtan
967 968 1001 1030 at
1020 965 1086 1050 ipse
1106 963 1216 1032 caloris

11 1066 98 1134 illius
119 1066 314 1152 aliquatenus
334 1067 385 1134 vel
405 1072 530 1133 tenuem
551 1088 674 1143 sensum
687 1066 846 1154 pereipiat,
867 1089 929 1152 quo
943 1067 1052 1134 docilis
1066 1067 1216 1134 efficiatur

11 1169 141 1238 visionis
169 1170 254 1238 illius
282 1190 414 1258 maguae
442 1173 474 1236 et
500 1168 666 1258 singularis
697 1168 731 1236 in
753 1168 882 1258 Virgine
912 1171 1098 1257 completae,
1129 1171 1215 1257 eujus

11 1294 85 1338 earo
105 1272 267 1360 virginalis
288 1277 320 1338 st
347 1272 451 1338 anima
471 1272 544 1360 igne
573 1272 669 1339 divini
688 1273 799 1340 salens
827 1272 1026 1360 singulariter
1052 1274 1136 1354 arsit,
1163 1275 1215 1342 sed

8 1374 259 1466 pembuationem
280 1395 343 1441 non
363 1374 458 1442 novit
501 1373 576 1453 Quis
597 1375 681 1441 enim
705 1373 787 1463 ignis
807 1373 863 1442 ille
883 1379 931 1441 est
954 1374 989 1442 in
1009 1375 1087 1442 mbo
1106 1377 1214 1442 ardens

10 1476 71 1544 nisi
100 1475 228 1564 spiritus
258 1481 382 1544 sanotm
412 1477 446 1544 in
477 1476 642 1565 Virginem
664 1469 913 1564 superveniens?
967 1476 1101 1564 Spiritus
1132 1477 1213 1546 enim

1 1575 135 1651 'meua
156 1589 204 1650 eat
223 1584 322 1660 Deum
342 1585 380 1650 de
400 1605 464 1668 quo
484 1585 634 1668 seriptum
655 1588 714 1651 est:
736 1583 869 1652 Etenim
882 1583 974 1652 Deus
994 1589 1105 1652 soror
1126 1585 1214 1672 gnis

11 1709 203 1758 consumas
224 1694 279 1757 est.
312 1689 398 1778 Ignis
418 1689 474 1756 ille
494 1688 591 1757 (livini
611 1690 725 1756 amoris
744 1689 921 1756 inmndium
942 1693 998 1770 est,
1017 1689 1213 1757 vehementer

10 1793 129 1861 animas
150 1791 300 1872 ailinane
325 1815 418 1879 quem
442 1814 506 1860 non
532 1792 669 1860 omnium
696 1793 791 1860 etiam
816 1793 904 1861 valde
932 1792 1139 1879 spiritualium
1161 1815 1211 1860 ex·

10 1897 105 1985 periri
125 1900 181 1977 est,
200 1895 254 1964 seri
275 1918 383 1963 eorum
403 1899 535 1976 tantum,
556 1917 611 1982 per
624 1917 704 1983 quos
724 1895 859 1984 insignia
879 1896 986 1982 aliqua
1006 1897 1046 1964 ad
1066 1895 1211 1964 eeclesiae

8 2001 178 2069 utilitatem
198 2000 283 2068 Deus
310 1999 431 2086 operari
459 1999 599 2068 intendit
640 2000 701 2067 Per
730 2022 823 2087 quem
851 2003 956 2068 sutem
983 2020 1121 2086 unquam
1148 2000 1211 2066 tale

9 2105 84 2190 quid
111 2104 230 2171 faomm
257 2108 305 2170 est
332 2106 387 2170 aut
413 2104 476 2182 liet
507 2103 598 2188 quale
626 2109 673 2170 eet
701 2101 779 2170 illud
806 2103 963 2192 angulare
990 2100 1210 2170 incarnationis

9 2207 106 2274 Verbi
127 2209 225 2292 opus?
266 2205 355 2284 Quod
382 2205 463 2271 siout
491 2205 586 2272 semel
612 2205 787 2272 laniandum
815 2209 883 2272 erat
910 2209 943 2273 et
970 2206 1066 2272 semel
1093 2205 1210 2272 laotvmr

7 2311 150 2428 pmnibus
178 2309 289 2376 seoulis
314 2307 496 2386 sufficiebat
520 2307 566 2372 ita
590 2305 756 2394 singularis
780 2307 1027 2396 magnificentiae
1047 2304 1209 2392 impendiis
1299 2379 1301 2382 ,

5 2414 171 2502 rudigebat.
1242 2455 1243 2460 ι
1311 2433 1314 2440 ’

105 2516 221 2585 Nullus
250 2515 356 2600 itaque
390 2535 528 2598 unquam
556 2516 732 2580 sanctourm
759 2514 941 2601 angelorum
968 2514 1019 2580 vel
1045 2511 1207 2580 bominum

7 2619 66 2686 boe
88 2619 251 2706 privilegio
273 2615 387 2684 amoris
407 2615 467 2683 Dei
488 2616 751 2704 inflammabat-t)
773 2621 828 2697 est,
848 2617 953 2684 nullus
974 2617 1050 2684 adeo
1071 2621 1206 2683 torrente

3 2722 124 2788 divinae
145 2719 314 2806 voluptatis
339 2722 465 2803 potatus
493 2723 525 2784 et
554 2718 727 2798 inundatus,
753 2718 908 2803 quomodo
937 2719 1015 2784 haee
1041 2719 1206 2806 smgrdaris
1249 2731 1251 2738 ⁴

3 2825 134 2904 femina,¹
154 2844 234 2908 quae
254 2821 357 2889 Deum
387 2821 446 2887 Dei
474 2820 573 2887 filiurn
602 2826 668 2888 erat
695 2821 728 2887 in
756 2843 846 2888 earne
874 2819 1018 2908 paritura
1060 2820 1104 2887 Et
1124 2819 1205 2908 ignis

3 2927 127 3010 quidem
148 2926 202 2992 ille
216 2923 313 2990 divini
333 2911 533 2990 amoriseum
554 2923 738 2990 naturaliter
757 2923 967 3010 superomnia
987 2923 1089 2990 suavis
1108 2923 1204 2990 sit-
1265 2965 1269 2974 ·

1 3049 62 3112 par
94 3027 209 3113 quippe
240 3025 296 3092 illa
323 3025 382 3091 Dei
414 3031 578 3112 exsuperat
608 3047 732 3092 omnen
761 3048 885 3093 sensum
905 3063 956 3105 -‚
983 3029 1071 3092 tanta
1100 3030 1204 3092 nmen

1 3129 203 3198 mundatione
230 3129 264 3195 iu
284 3127 448 3215 Virginem
474 3128 660 3214 supervenit
687 3129 771 3214 quod
799 3133 937 3196 sanctam
961 3128 1047 3197 illius
1068 3129 1203 3196 animam

22 3255 121 3299 ·rrens
141 3233 195 3300 ille
209 3231 331 3298 bunne
343 3231 514 3317 voluptatis
535 3254 554 3297 a
574 3253 664 3298 earne
685 3253 790 3298 seeum
803 3232 1011 3311 abstraxisset
1031 3231 1092 3298 nisi
1105 3231 1202 3298 virbrs

6 3366 12 3393 ι
33 3335 143 3402 tissirni
164 3334 262 3402 eidem
283 3333 510 3412 obumbrasset;
534 3333 680 3401 nimirum
700 3357 757 3420 per
776 3335 878 3421 ipsum
898 3356 1018 3421 eorpus,
1038 3335 1122 3420 quod
1142 3333 1201 3401 sibi

7 3462 39 3504 ·r
53 3437 183 3526 Virgine
203 3442 417 3524 assumpserat
436 3436 502 3504 lilio
524 3436 616 3504 matri
637 3438 780 3504 umbram
800 3437 940 3518 summm,
960 3441 1015 3504 aut
1035 3441 1118 3505 oerte
1131 3438 1200 3524 ipse

4 3541 149 3608 ιιίεεὶιιιο
177 3544 266 3628 patre
295 3561 333 3607 ex
361 3540 469 3606 eodem
496 3561 625 3626 corpore
652 3539 711 3606 filii
738 3545 793 3606 aut
818 3541 889 3620 alia,
915 3562 1010 3625 quarn
1028 3539 1095 3626 ipse
1116 3540 1200 3607 solus

8 3643 95 3724 evit,
114 3642 217 3731 grstia
236 3664 368 3730 sponsae
389 3665 462 3709 suae
482 3641 590 3710 amose
604 3642 818 3723 obumbrante,
838 3666 878 3711 ne
898 3647 1006 3710 saneta
1026 3643 1082 3710 illa
1098 3641 1200 3709 anima

0 3756 36 3823 sle
56 3769 147 3814 earne
167 3746 338 3815 solveretur
359 3750 484 3832 etopus
504 3744 722 3812 incarnationis
734 3745 831 3814 Verbi
851 3745 1001 3813 infertum
1020 3748 1198 3813 remaneret

0 3846 1 3897 ἓ
4 3850 125 3919 tanim
145 3850 206 3918 nisi
226 3849 369 3918 altissimi
394 3847 544 3918 altissima
564 3847 662 3916 rbus
686 3849 793 3916 eadem
813 3847 1021 3918 immensMe
1040 3847 1199 3936 potentiae

0 3931 298 4022 ooomervandum
318 3953 430 4042 fragile
450 3975 505 4020 vas
525 3953 699 4041 virginem
719 3975 775 4021 usa
795 3953 912 4036 fuisset,
936 3974 1000 4040 qua
1020 3956 1053 4022 et
1072 3951 1198 4040 spiritus

2 4061 121 4124 ·=·esu
132 4053 349 4174 immensitate
369 4057 409 4122 sd
429 4055 649 4123 intrudendam
672 4056 807 4144 gratiam
831 4079 905 4124 ussus
929 4062 984 4138 est,
1011 4056 1197 4174 fragilem

49 4160 75 4209 ·'
132 4157 299 4226 ⁸:animae
318 4181 373 4225 sen
393 4157 493 4225 earnis
513 4157 677 4226 subsistere
698 4180 760 4226 non
780 4159 938 4245 potuisset
973 4157 1103 4226 Nam
1077 4181 1104 4226 ει
1124 4180 1195 4246 pro·

4 4228 91 4335 meta
110 4266 225 4333 Daniel
249 4266 288 4333 <le
313 4288 346 4333 se
366 4265 500 4334 disere
490 4285 524 4332 ιιι
544 4267 674 4334 veritato
698 4263 837 4353 potuit
828 4289 861 4334 m
881 4266 1014 4364 visione.
1033 4264 1196 4335 Dissolmr'
1229 4260 1298 4343 (22)

99 4391 193 4440 restes
219 4371 281 4439 mei
306 4375 338 4440 et
354 4371 491 4441 nibil
476 4393 516 4441 aa
540 4393 589 4441 me
614 4373 787 4442 raaaneit
793 4373 924 4456 viriam,
952 4376 1069 4459 quanto
1095 4373 1195 4462 magis
1272 4415 1275 4424 ·

94 4537 695 4684 tlmtlaa-ttlmstiaflarsotua
