3010 5300
500 404 836 464 asonooaricus
1227 423 1269 482 53
1326 483 1329 486 .

67 575 112 638 ita
141 574 309 640 secundum
340 593 452 660 corpus
480 579 513 640 et
539 575 605 659 ejus
636 576 783 662 speciales
815 599 922 644 sensus
950 580 1085 665 paradisi
1116 581 1269 672 deliciis†)

0 698 1 703 ¹
66 673 130 758 apti
152 673 273 755 erimus,
293 673 327 740 in
347 675 489 760 paradiso
511 677 738 760 quodammodo
758 677 953 759 sensibiliter,
981 680 1046 748 imo
1068 704 1142 749 vero
1163 706 1267 772 super·

1 775 2 784 ’
66 776 253 844 sensibiliter
280 777 442 864 palpantes
467 779 638 846 dimnitatis
664 779 878 866 praesentiam,
906 781 938 847 iu
965 783 1058 850 tertio
1083 807 1156 852 vero
1182 788 1266 856 caelo

65 880 155 946 oeno
169 879 394 966 intelligentiae
412 881 505 946 simurl
524 884 556 946 et
574 881 729 947 mundicia
743 881 842 948 cordis
856 882 974 950 fostun
993 885 1085 951 illum
1098 887 1266 972 sapientiae

1 977 2 1002 l
65 980 278 1065 limpidissime
297 982 549 1066 contemplantes,
569 983 675 1048 eadem
696 987 800 1048 tamen
820 984 971 1068 sapientia
988 989 1053 1052 tam
1073 987 1107 1052 in
1124 989 1265 1073 paradiso

64 1081 204 1148 sensibus
224 1105 318 1168 quum
339 1083 371 1149 iu
393 1084 486 1150 tertio
507 1083 594 1150 caelo
616 1083 824 1152 intellectibus
846 1089 877 1152 et
895 1086 1056 1172 spiritibus
1075 1089 1214 1175 proprias
1234 1097 1267 1158 et

65 1184 238 1251 differentes
259 1185 394 1252 theorias
415 1185 617 1254 distribuente
637 1186 776 1274 singulis,
796 1190 890 1273 prout
902 1188 977 1255 vult
1013 1189 1104 1258 Unde
1117 1193 1265 1278 seriptum
1357 1265 1361 1270 ,

65 1289 124 1352 est:
155 1289 202 1358 Io
228 1290 319 1360 domo
346 1293 458 1379 patris
482 1294 544 1361 mei
570 1293 755 1362 musmones
780 1293 900 1362 merbec
924 1300 1019 1380 meot;
1046 1297 1090 1360 et:
1115 1295 1218 1367 Sallu
1242 1321 1265 1368 o

63 1395 156 1464 stella
176 1393 286 1481 differt
308 1399 348 1466 io
371 1397 528 1468 steritem
573 1399 633 1467 Ito
653 1405 683 1467 et
705 1399 897 1468 resurrectio
918 1406 1128 1472 osomuorom

162 1497 252 1578 Quod
278 1505 381 1567 autem
403 1501 466 1568 dixi
493 1502 633 1569 sensibus
657 1502 796 1588 corporis
824 1501 857 1568 in
883 1503 1023 1590 paradiso
1049 1509 1082 1571 et
1105 1504 1263 1574 intellectu

62 1601 112 1668 rel
132 1601 233 1668 cordis
254 1602 410 1670 mundicia
435 1605 468 1671 in
494 1606 586 1672 tertie
607 1607 693 1672 eaelo
718 1611 841 1673 sanctos
862 1605 1034 1673 divinitatis
1058 1610 1262 1694 praesentiam

61 1725 235 1792 agnoscere,
261 1706 320 1772 ho'c
339 1706 476 1774 theonae
497 1710 546 1775 vel
567 1709 739 1797 anagogice
759 1709 886 1796 palpare
907 1714 941 1776 et
960 1709 1064 1777 ridere
1083 1711 1185 1779 Deum
1203 1716 1262 1789 eutr

57 1805 149 1892 juxto
169 1808 253 1894 quod
278 1809 323 1876 ait
350 1811 464 1878 veritas
484 1810 642 1897 discipulis
667 1811 739 1892 suis,
764 1817 930 1898 postquam
955 1811 1121 1880 resurrexit
1141 1835 1160 1880 a
1179 1836 1260 1881 mor·

59 1913 159 1994 turis'
150 1936 184 1980 ru
204 1916 315 1996 medio,
335 1916 367 1982 id
389 1917 488 1982 estin
510 1919 667 2011 communi
689 1939 795 1984 θοιιιιιι
816 1923 915 1984 stem:
936 1917 1087 2008 Palpcte
1098 1925 1129 1987 et
1149 1921 1258 1989 uidete

59 2015 206 2084 Sensibus
247 2011 330 2083 enim
371 2017 543 2086 divinitatis
584 1999 790 2105 praesentiam
832 2021 1001 2106 percipere,
1040 2021 1132 2104 juxta
1169 2022 1260 2089 illud.

62 2121 184 2208 Corpus
207 2117 278 2191 noo
304 2123 533 2208 fornicationi,
559 2126 614 2193 sed
635 2125 788 2208 Dosuino,
816 2132 846 2193 et
867 2125 1032 2195 Dorulaus
1059 2127 1258 2212 turpem,
1206 2164 1246 2175 —

58 2224 117 2290 hoc
145 2225 370 2309 quodammodo
395 2225 523 2311 palpare
548 2232 609 2304 est;
634 2227 793 2292 intellecto
819 2249 892 2292 vero
917 2227 1078 2312 cordisque
1106 2230 1260 2295 mundicia
1323 2288 1326 2293 .
1454 2261 1457 2266 ·
1497 2255 1503 2294 ι

57 2325 240 2412 sapientiam
260 2325 436 2394 immediate
456 2327 589 2405 haurire,
609 2329 641 2394 id
655 2330 884 2414 quodammodo
906 2333 953 2395 est
972 2330 1063 2395 oculo
1082 2330 1122 2395 ad
1135 2331 1258 2396 oculum
1497 2359 1503 2376 ·

56 2429 168 2498 videre.
208 2429 253 2496 Et
277 2429 426 2516 quonium
450 2450 596 2496 sensuum
622 2431 829 2517 spiritualium
858 2431 1013 2517 perceptio
1045 2431 1182 2511 solidior,
1211 2433 1257 2499 in·

56 2532 200 2598 tellectus
214 2553 286 2598 vero
308 2531 465 2618 perceptio
487 2531 635 2617 liquidior
656 2538 710 2600 est.
743 2533 832 2600 Siout
851 2533 884 2598 in
905 2534 964 2599 hac
978 2534 1042 2598 vita
1062 2533 1144 2600 inter
1157 2535 1258 2600 eibum

56 2637 88 2698 et
108 2639 216 2718 potum
238 2632 412 2699 differentia
432 2635 582 2717 quaedam
603 2639 659 2712 est,
680 2656 752 2700 eum
777 2639 880 2700 tamen
902 2639 1067 2720 utriumque
1089 2635 1258 2720 aequaliter

54 2734 171 2800 bonum
193 2755 230 2800 ac
250 2735 431 2802 delectabile
451 2757 506 2801 seu
526 2736 730 2802 necessarium
751 2735 811 2802 sit·
831 2737 876 2802 ita
896 2735 930 2800 in
950 2736 1008 2802 illa
1028 2736 1100 2816 vita
1121 2758 1211 2803 sensu
1225 2743 1257 2804 et

54 2836 266 2903 intellectu'
236 2835 372 2904 urcissim
384 2839 435 2904 vel
456 2837 549 2904 simul
562 2838 698 2905 theorice
712 2840 814 2905 Deum
835 2859 1010 2926 agnoscere,
1030 2839 1117 2906 hoc
1107 2860 1141 2905 ιιι
1159 2861 1256 2927 regno

17 3009 21 3022 ,
54 2939 110 3006 illo
132 2941 171 3006 ud
192 2939 360 3025 sapienties
381 2963 518 3007 mensam
539 2943 724 3008 manducare
746 2945 777 3008 et
796 2940 903 3008 bibere
923 2946 978 3021 est,
1000 2941 1256 3026 quemadmodum
1291 2950 1369 3034 (53)
1494 2945 1503 3024 ',

54 3047 122 3132 ipsa
147 3045 306 3114 incarnata
331 3047 484 3134 sapientia
509 3049 572 3114 suis
597 3049 777 3134 promittere
802 3047 931 3135 dignata
950 3053 1005 3116 est
1053 3047 1121 3131 Vos,
1145 3048 1256 3134 inquit,
1500 3051 1503 3062 *

54 3155 137 3238 estis,
173 3154 231 3240 qui
256 3154 486 3240 persensistis
515 3177 634 3224 meran
664 3157 704 3224 in
733 3155 967 3224 tentutimeibce
999 3155 1084 3224 meta.
1129 3153 1176 3223 st
1200 3176 1254 3243 eqo

54 3260 190 3346 dispono
210 3259 304 3342 vobo,
326 3261 408 3336 simu
421 3261 577 3347 desposcit
599 3263 679 3330 nrilu'
696 3267 794 3348 poter
814 3283 901 3330 meres
922 3283 1069 3349 reputem,
1092 3266 1130 3329 tet
1151 3261 1254 3330 θᾶαὴὶι

53 3370 84 3433 et
105 3365 221 3434 bbulis
241 3388 342 3453 super
363 3388 505 3436 messam
526 3389 628 3436 ewam
649 3369 688 3434 in
709 3389 807 3455 reque
828 3389 904 3436 mco.
941 3367 1039 3452 quue
1052 3387 1141 3434 verae
1162 3371 1194 3433 et
1206 3365 1253 3432 iu·

53 3467 254 3536 aestimabilis
275 3469 474 3536 beatitudinis
495 3475 550 3551 est,
570 3471 614 3536 sio
634 3471 761 3556 palpare
789 3474 821 3537 et
849 3470 952 3537 ridere
972 3472 1083 3550 Deum,
1102 3469 1146 3536 sic
1166 3491 1252 3536 man·

53 3572 164 3638 ducam
186 3576 218 3637 et
231 3573 336 3639 bibere
355 3594 448 3658 super
468 3584 607 3640 mensam·
619 3573 788 3658 sapientiae
809 3573 842 3638 in
854 3593 960 3659 regno.
989 3569 1135 3657 Sequitur
1148 3575 1252 3638 nutem

53 3683 85 3743 et
101 3678 184 3762 qued
201 3677 330 3744 honoris
351 3683 411 3744 est:
431 3677 477 3744 nt
495 3677 630 3745 cebetis
651 3697 748 3763 super
770 3677 904 3744 thronos
919 3676 1082 3744 dccodeee'm
1098 3675 1251 3760 jsedieoo·

53 3789 98 3850 tes
112 3783 276 3850 duodecim
295 3781 398 3850 tribus
419 3781 535 3849 Ιθναθὶ.
578 3781 622 3848 Εὴ
641 3782 718 3847 bueo
739 3782 805 3860 erit,
827 3785 863 3847 ut
883 3781 1020 3859 aestimo,
1040 3781 1073 3846 in
1093 3785 1176 3846 terra
1196 3778 1252 3844 ills

51 3893 228 3953 sanctorum
255 3886 369 3971 duplex
397 3885 559 3972 possessio,
586 3887 623 3952 de
651 3907 714 3969 qua
740 3886 889 3969 scriptum
917 3887 978 3950 est:
1005 3884 1053 3952 ln
1079 3889 1168 3952 terra
1190 3903 1251 3950 etto

51 3991 200 4076 drcplim‘o
217 3989 439 4076 summane
464 3989 606 4056 videlicet
625 3991 665 4056 sd
685 4011 822 4056 mensam
842 3989 1011 4073 sapientiae
1031 4009 1088 4073 pro
1108 4007 1251 4053 mensura

51 4093 162 4176 cuique
183 4090 348 4158 distmbuta
373 4090 497 4158 delicias
521 4094 661 4157 aeternas
687 4089 850 4176 possidere,
875 4095 907 4156 et
931 4089 1056 4174 insuper
1075 4088 1108 4154 in
1128 4087 1250 4153 sedibus

46 4193 187 4277 judicum
208 4191 390 4278 praesidere,
419 4213 476 4278 pro
498 4212 535 4258 eo
556 4192 640 4276 quod
661 4191 694 4257 in
714 4191 774 4256 hnc
793 4191 858 4258 rita
877 4191 975 4258 sancti
995 4188 1248 4256 amaritudinibus
1352 4257 1356 4264 ,

49 4295 194 4362 inebriati
215 4299 310 4378 atque
331 4293 456 4379 insuper
476 4293 670 4360 contumeliis
682 4289 793 4358 'affecti
813 4297 893 4359 sunt
927 4345 931 4352 .

149 4395 238 4474 Quod
258 4400 364 4461 autem
383 4394 522 4481 quinque
542 4415 649 4460 sensus
676 4393 814 4480 eorporis
842 4392 949 4472 usuri,
981 4391 1156 4477 spirituales
1179 4390 1247 4477 jam

148 4576 176 4647 ι)
192 4593 241 4633 ms.
258 4579 279 4633 ι
297 4573 391 4633 eume
