3010 5300
508 435 842 498 nrououumuus
1231 449 1270 508 59

175 609 245 676 Hoe
265 613 369 676 umen
397 609 484 676 salvo
508 609 709 676 invisibilium
736 614 853 678 nemeto
879 610 971 696 juxta
991 611 1124 678 aliomm
1151 616 1272 698 patrum
1337 632 1344 640 ·

16 747 20 758 ·
75 733 198 778 sensum
219 711 357 790 dixerim,
385 711 424 778 ud
451 733 543 778 usum
564 715 596 778 et
619 711 752 800 gratiam
774 711 932 800 divinam
953 711 1186 782 inhabitationis
1206 735 1272 782 eer-

75 837 152 901 pora
171 817 278 880 nonna
297 813 362 880 illie
381 813 491 900 spiritu
512 813 657 882 iuferiora
676 837 731 882 seu
745 815 917 902 posteriora
936 838 1000 884 nou
1020 817 1158 885 existere
1190 816 1271 884 Nam

75 918 101 984 si
122 917 155 982 iu
175 917 234 984 hae
254 915 378 983 interim
399 917 465 984 vita
484 921 661 984 sanctorum
681 919 882 1004 quonmdnm,
906 919 1057 1008 singulam
1076 919 1178 1008 gratia
1198 920 1272 987 emi·

75 1019 223 1100 nentium,
243 1021 318 1086 adeo
339 1019 501 1088 familiaris
521 1043 593 1088 num
605 1021 673 1089 Deo
687 1021 808 1108 Deique
829 1043 899 1088 uum
919 1021 983 1090 illis
1003 1023 1134 1090 maiam
1155 1027 1210 1104 est
1230 1027 1273 1104 ut

75 1145 146 1188 unm
167 1121 200 1188 in
220 1143 298 1207 opus
318 1123 456 1196 divinum
481 1123 647 1191 suscitandi
675 1127 756 1202 suni,
783 1123 922 1190 theonae
943 1123 976 1190 in
997 1124 1041 1190 eis
1061 1125 1182 1190 divinae
1202 1124 1272 1190 visi·

75 1223 202 1291 tationis
222 1224 400 1308 frequenter
421 1225 591 1310 aeorporis
611 1225 751 1292 sensibus
770 1224 929 1311 incipiant
949 1225 1055 1311 sinque
1069 1226 1272 1294 mediantibus

75 1327 195 1394 animae
223 1325 382 1392 affmtibus
411 1327 450 1394 ud
478 1327 605 1413 spiritus
632 1327 892 1394 illuminationem
923 1327 1104 1414 perveniant
1123 1365 1165 1378 —
1192 1329 1273 1396 uude

75 1439 122 1502 est
142 1434 220 1502 illud
240 1455 386 1520 mensae:
408 1433 552 1501 Dilectus
572 1455 659 1502 meru
677 1435 763 1502 mail
783 1455 918 1502 marum
938 1455 1033 1502 mmm
1044 1456 1103 1520 per
1116 1433 1272 1519 foramen,

74 1548 104 1610 et
125 1546 236 1610 neuin
256 1561 343 1608 meru
365 1541 534 1608 introeuntis
556 1541 600 1608 ud
627 1545 744 1608 unum
766 1541 835 1626 mnu
854 1541 952 1622 —si,
979 1541 1116 1640 iuquam,
1142 1563 1199 1626 per
1225 1541 1272 1606 lo-

73 1664 188 1722 ramen,
209 1642 240 1709 id
254 1647 301 1708 est
313 1645 490 1728 apertmam
504 1664 611 1708 sensus
624 1641 751 1728 parietis
764 1642 911 1728 corporei,
929 1643 1083 1710 mediante
1096 1641 1273 1730 menone)

52 1747 194 1822 ,animae
223 1767 259 1810 an
280 1744 467 1812 sensibiliter
486 1743 570 1811 dulei
591 1745 726 1831 quodam
747 1743 914 1831 divinoque
934 1745 1046 1812 timore
1067 1745 1272 1832 concursui-l]

74 1849 111 1916 ed
133 1847 276 1934 spiritum
291 1848 430 1914 theoriae
450 1847 639 1915 illuminatio
653 1848 800 1934 pervenit,
821 1852 858 1916 ut
878 1847 983 1916 taliter
1003 1847 1150 1916 suscitata
1163 1869 1274 1934 sponsa

73 1952 265 2018 voluntatem
285 1951 379 2018 simul
401 1954 433 2016 et
453 1951 634 2018 facultatem
656 1951 761 2018 diviua
786 1951 899 2038 egendi
925 1951 1098 2037 dilectoque
1119 1949 1274 2035 aperiendi

73 2051 245 2139 percipiet:
266 2056 383 2137 quanto
405 2050 506 2118 minus
534 2052 567 2118 iu
588 2051 694 2119 futuro
722 2074 828 2140 regno,
856 2051 889 2119 in
916 2052 1008 2120 tertio
1036 2052 1093 2120 illo
1114 2052 1200 2119 eaelo
1219 2073 1273 2118 seu

73 2153 214 2238 paradiso
235 2175 306 2220 earo
326 2159 510 2234 amatorum,
530 2153 563 2220 iu
583 2176 645 2239 qua
666 2154 868 2222 multifariam
889 2177 946 2242 pro
960 2155 1083 2222 Christo
1104 2155 1186 2242 passi
1203 2157 1274 2221 sunt

73 2261 236 2336 tormenta.
250 2278 330 2342 quae
345 2256 469 2344 vigiliis,
486 2257 614 2342 jejuniis
635 2256 766 2342 aliisque
787 2257 1000 2343 spiritualibus
1018 2256 1171 2324 uereitiis
1184 2255 1273 2322 nesti

73 2358 165 2425 ficata
185 2361 240 2438 est
264 2357 389 2445 spiritui
414 2359 595 2444 anirnaeque
619 2359 866 2445 posthabebitur‚
891 2359 968 2444 quin
992 2359 1096 2445 potius
1120 2381 1184 2424 una
1204 2379 1273 2424 eum

73 2461 117 2528 eis
138 2459 301 2540 socialiter,
322 2461 385 2527 imo
407 2461 514 2528 unicae
535 2460 675 2528 theoriae
694 2460 797 2548 gratia
817 2460 999 2547 perimetur.

173 2579 218 2646 Hi
245 2579 377 2665 denique
405 2583 478 2647 sunt
505 2579 642 2647 thesauri
670 2579 770 2646 nosbi
800 2580 864 2676 suis
895 2579 993 2648 thecis
1019 2578 1138 2660 inelusi
1169 2600 1273 2646 seusus

74 2683 216 2750 videlieet
236 2682 333 2748 nostri
354 2681 505 2748 trifariam
527 2703 720 2768 percorpus,
741 2682 877 2748 animam
899 2687 931 2749 et
951 2683 1093 2768 spiritum
1113 2703 1169 2748 seu
1190 2703 1273 2748 meu·

73 2787 136 2849 tem
158 2783 302 2863 distinmi
323 2785 435 2869 quihus
461 2783 598 2869 apertius
623 2785 780 2851 offerimus
805 2784 966 2872 nunni-st)
988 2783 1021 2850 iu
1045 2784 1105 2851 ista
1125 2783 1191 2851 vita
1207 2771 1273 2850 'Dn-

73 2886 157 2952 mino
180 2908 299 2965 eurum,
320 2886 393 2952 thus
414 2891 446 2952 et
459 2887 627 2972 myrrham
661 2887 783 2954 Aurum
796 2887 900 2974 regale
913 2892 1053 2954 nostrum
1067 2891 1114 2952 est
1123 2886 1273 2970 judicium

73 2987 184 3052 mentis
210 3009 352 3072 aequum,
376 2987 545 3074 sapientiae
569 2991 730 3056 thesaurus
755 2992 788 3054 et
812 2988 940 3055 intimus
967 2987 1138 3055 divinitatis
1157 2993 1274 3076 gustus

73 3091 157 3159 'Ibus
178 3095 318 3158 nostum
339 3095 387 3156 est
414 3089 534 3156 animae
554 3089 588 3158 in
609 3092 710 3158 Deum
740 3091 870 3157 devotae
897 3091 1026 3157 affeetu
1050 3094 1082 3156 et
1109 3089 1162 3176 pie
1182 3093 1275 3174 atque
1310 3095 1396 3182 (59)

73 3194 175 3261 lueida
194 3194 228 3259 in
247 3192 423 3277 proximum
444 3192 595 3259 voluntas
638 3192 766 3278 Myrrha
791 3195 897 3258 nostra
921 3197 969 3258 est
992 3191 1092 3258 earnis
1112 3195 1275 3258 uoshaea

4 3341 6 3346 .
73 3296 157 3363 vitiis
183 3295 380 3362 mortificatio
412 3299 446 3360 et
472 3295 618 3361 devotum
647 3294 785 3380 eorporis
816 3295 915 3361 uestri
943 3293 976 3360 in
995 3293 1055 3360 Dei
1082 3296 1114 3359 et
1144 3292 1276 3378 proximi

73 3398 163 3464 rebus
184 3397 375 3483 obsequium.
418 3395 484 3462 Hos
505 3417 578 3462 vern
607 3397 770 3462 thesauros
794 3395 860 3463 illie
880 3395 914 3462 in
934 3417 1030 3483 regno
1055 3393 1149 3462 simul
1169 3415 1275 3460 omues

73 3501 265 3582 effundimus,
286 3520 393 3565 omnes
413 3497 526 3564 mentis
546 3503 670 3564 nostrae
692 3497 874 3583 animaeque
895 3501 928 3564 et
947 3497 1085 3584 eorporis
1105 3495 1275 3583 spiritualis

73 3603 251 3691 spirituales
270 3623 385 3681 sensus,
406 3601 495 3686 quasi
509 3601 723 3667 thesaumrum
743 3600 866 3666 thaeum
880 3601 920 3666 ad
931 3600 1034 3667 Deum
1055 3602 1088 3666 et
1099 3603 1275 3665 sanctorum

74 3707 255 3794 angelorum
294 3708 388 3788 atque
427 3702 587 3769 homiuum
618 3702 796 3768 unanimem
826 3702 860 3768 in
890 3700 950 3768 Dei
980 3701 1122 3768 laudibus
1153 3705 1274 3768 metuam

74 3814 198 3894 apertos
219 3807 377 3886 habentes,
404 3810 441 3871 ut
466 3809 573 3871 noatm
592 3805 755 3871 diluentes
780 3804 813 3870 in
833 3803 915 3870 vasis
934 3825 1080 3870 sensuum
1099 3807 1275 3870 nostrorum

74 3909 266 3994 reeipiumnu‚
287 3929 367 3992 quus
381 3907 441 3972 Dei
459 3911 540 3984 sunt
561 3906 593 3971 in
611 3905 803 3989 planitudine
824 3909 931 3971 saneta
950 3925 1071 3988 semper
1090 3903 1275 3969 admirmtes

74 4013 146 4078 eta
173 4007 264 4078 laude
291 4006 351 4076 Dei
382 4010 476 4095 atque
497 4003 661 4104 ⁸implentia
693 4027 748 4074 uos
775 4005 895 4095 gratius
926 4025 1085 4092 nunquam
1115 4007 1275 4073 emaum

73 4115 239 4182 Plenitudo
252 4113 334 4180 enim
355 4113 411 4180 illa
428 4115 536 4179 saneta
557 4112 721 4180 annullant
733 4109 885 4178 satietatis
898 4109 1065 4190 fastidium,
1082 4109 1136 4175 sed
1149 4107 1276 4176 innonat

73 4239 193 4305 semper
212 4219 389 4285 munierum
410 4215 443 4284 in
463 4216 563 4284 bonos
583 4213 777 4283 desiderium

173 4336 540 4417 elemosmarum
566 4315 627 4404 eni
651 4335 717 4402 uno
741 4357 825 4402 nune
844 4335 882 4401 u
907 4333 1047 4420 pauno
1066 4331 1274 4417 umatum

173 4529 200 4599 τ)
218 4547 268 4586 ms.
286 4533 306 4588 t.
323 4528 366 4612 bis
383 4527 497 4586 ἀιύίιιαι.
516 4555 548 4572 -
565 4529 591 4600 ⁴')
608 4545 658 4586 ms.
675 4497 734 4585 usi.
751 4555 785 4569 -
800 4527 845 4598 tt)
861 4541 993 4583 mnenssa
1009 4525 1057 4597 (i).
1068 4553 1102 4568 -
1118 4523 1179 4616 ᾛ)
1195 4537 1273 4596 ΡΜ·

74 4619 146 4674 stus
163 4615 270 4673 videtur
289 4619 351 4676 meu
367 4613 423 4672 sins
440 4633 521 4690 quum
538 4631 618 4674 nune.
