3010 5300
556 305 889 366 aronoennrcus.
1281 321 1321 380 n

124 497 256 562 persona
269 477 399 542 duarum
420 481 602 543 natur-amm
623 477 756 544 existens
776 477 980 544 humanitatis
999 501 1073 545 suae
1093 481 1324 548 conversatione

124 578 225 645 lachis
246 579 293 644 est
312 577 402 644 nobis
421 577 594 667 gratiarum
614 579 694 660 fons,
714 602 753 646 ex
773 579 860 664 cujus
882 583 1017 666 quatuor
1029 579 1208 648 fluminibus
1227 583 1323 651 eecle-

123 679 188 746 siae
208 679 366 765 pmadisus
387 678 516 767 irrigata
536 681 570 747 in
583 685 717 766 quatuor
737 681 943 748 cardinalibus
963 683 1129 750 virtuhbus
1149 684 1324 767 hinctidcat,

123 781 294 848 didnitatis
313 802 386 847 vero
407 803 481 848 snae
501 783 594 850 radiis
615 803 672 848 nos
692 782 873 849 illuminem
894 785 984 850 nobis
1005 785 1071 870 ipse
1091 786 1139 852 sol
1156 807 1245 852 verus
1266 793 1322 854 αἱ»

123 882 191 950 Nec
210 883 301 950 focile
322 903 412 950 nosse
432 883 552 951 valeam
573 883 653 952 inter
673 885 898 951 humanitatem
916 885 976 952 Dei
997 907 1032 952 ec
1053 885 1244 954 divinitatem
1264 889 1321 954 bo-

123 983 224 1064 minis,
252 983 285 1050 in
312 983 432 1052 ratione
459 1007 546 1053 meae
566 987 691 1065 salutia‘
713 987 796 1073 quod
822 988 934 1054 horum
961 989 1053 1055 alteri
1073 989 1321 1076 praehabendum

121 1086 172 1167 sit,
192 1108 263 1154 cnm
283 1086 316 1152 in
337 1107 399 1154 uno
420 1086 713 1174 ipsorum'ampliue
734 1087 916 1176 diligendus,
929 1089 963 1158 in
981 1091 1079 1182 altero
1093 1111 1167 1159 vero
1188 1092 1321 1178 amplius

120 1191 304 1258 metuendus
324 1190 365 1257 sit
384 1213 465 1257 nnus
485 1197 578 1278 atque
599 1191 682 1258 idem
702 1191 887 1279 Dominus†)
907 1191 1005 1262 desua
1047 1194 1131 1260 Dum
1152 1195 1234 1262 enim
1253 1217 1320 1263 ma·

104 1321 106 1326 ·
117 1291 240 1378 jactatis
261 1291 427 1360 immensae
448 1297 513 1360 tarn
533 1293 790 1362 maestimabilem
805 1293 986 1362 manuum
1006 1317 1062 1382 per
1082 1296 1233 1364 humanae
1246 1318 1318 1363 oon·

120 1395 301 1464 versah'onis
321 1417 394 1462 suae
415 1395 624 1464 bumilitatem
645 1396 723 1464 mihi
743 1396 915 1490 impensam
935 1398 1081 1478 munau
1101 1400 1174 1467 dum
1186 1403 1318 1466 mortem
1396 1455 1401 1462 .

120 1505 159 1578 et,
179 1499 288 1567 mortis
316 1522 387 1566 eum
415 1499 582 1568 acerbitate
609 1499 813 1589 ignominiam
842 1522 898 1587 pro
924 1523 975 1570 mo
997 1526 1016 1570 a
1040 1505 1129 1571 tunm
1155 1501 1318 1588 majestate
1370 1503 1376 1512 '

119 1609 294 1691 susceptam
308 1603 467 1671 aeneidem
486 1625 494 1670 ε
514 1604 594 1671 nihil
607 1605 666 1672 hac
679 1602 830 1671 charitate
843 1604 952 1690 majus,
970 1605 1049 1673 nihil
1067 1605 1126 1674 hac
1138 1605 1318 1694 dignatione

119 1707 250 1796 dignius,
278 1707 358 1774 nihil
385 1707 444 1776 hac
471 1706 667 1774 mberuhone
688 1707 807 1774 dulcius
834 1706 965 1777 invenio.
1008 1707 1130 1787 Quanto
1152 1709 1234 1776 enim
1253 1709 1318 1776 Do·

118 1810 220 1877 minus
248 1831 336 1876 meus
363 1831 420 1896 pro
447 1831 497 1876 me
526 1809 701 1902 indigniora
722 1814 754 1876 et
774 1810 943 1895 abjectiora
963 1833 1124 1897 perpessus
1144 1816 1201 1894 eet,
1229 1817 1317 1879 tanto

118 1913 294 2001 preciosior,
318 1913 531 1981 honorabilior
556 1915 588 1979 et
611 1913 730 2000 gratior
751 1911 829 1978 mihi
850 1917 903 1981 est
945 1913 1029 1980 Dum
1049 1934 1122 1982 vero
1143 1935 1231 1981 versa
1251 1913 1318 1982 vioe

116 2018 273 2104 perpendo
302 2015 429 2084 homilis
449 2015 643 2104 dignitatem,
671 2015 807 2102 despecti
835 2015 1066 2098 sublimitatem,
1093 2017 1231 2084 cruoilffi
1250 2039 1317 2084 ma·

113 2109 272 2205 jeetotem,
300 2123 386 2186 totus
419 2117 623 2186 contremisco
655 2124 687 2185 et
722 2139 890 2204 expavesco
922 2141 992 2186 oum
1024 2119 1093 2201 illo,
1123 2121 1179 2206 qui
1209 2121 1317 2188 eodem

116 2225 232 2294 Christi
252 2249 348 2313 opera
368 2225 559 2313 agonizantis
584 2223 779 2292 considerem
804 2225 921 2292 aiebat:
942 2225 1092 2310 Domine,
1119 2227 1233 2295 audiui
1258 2248 1316 2295 ou·

116 2333 223 2400 ditum
244 2337 347 2415 tumn,
374 2337 404 2399 ct
431 2333 542 2416 horu&
568 2331 766 2400 wniduuui
791 2353 891 2417 opero
916 2337 985 2414 cuc,
1011 2335 1040 2400 et
1065 2333 1193 2418 aponi.
1235 2332 1317 2412 Quid
1343 2363 1349 2372 ·

116 2455 189 2522 ergo
218 2434 351 2520 amplius
379 2433 474 2500 mirer
501 2455 538 2500 oo
566 2455 700 2514 veneror,
728 2433 762 2499 in
789 2433 951 2518 mnjestate
979 2433 1188 2501 bumilitatem
1214 2457 1255 2503 an
1281 2433 1316 2502 in

114 2535 227 2603 humili
247 2536 450 2620 maiestatem,
475 2557 539 2602 non
562 2535 654 2602 focile
679 2534 812 2602 invenio.
855 2534 916 2602 Sed
942 2534 1017 2601 dum
1041 2539 1207 2622 utromque
1231 2557 1314 2603 com·

114 2639 277 2704 mandatur
309 2659 347 2703 ex
377 2637 475 2703 altero
510 2637 543 2702 in
575 2660 638 2704 una
671 2658 804 2724 persona
834 2637 962 2706 Domini
995 2638 1057 2704 mei
1086 2637 1163 2704 Jesu
1193 2637 1315 2718 Christi,

115 2743 280 2824 utrumqne
302 2738 397 2824 duplo
423 2737 695 2820 commendabilius
721 2738 884 2818 inrenihm,
909 2759 1003 2824 quam
1027 2738 1054 2806 si
1078 2738 1195 2824 absque
1216 2739 1314 2807 altero
1371 2796 1379 2806 .

113 2841 215 2907 solum
236 2845 323 2909 esset
365 2839 466 2920 Unde,
490 2841 517 2907 si
538 2863 632 2907 unam
654 2862 692 2907 ex
717 2839 817 2907 tribus
842 2840 876 2907 in
902 2840 1041 2908 trinitate
1065 2841 1204 2927 personis
1224 2841 1314 2909 alteri

113 2940 340 3028 praehonorare
362 2940 483 3023 liceret,
512 2965 548 3009 ea
576 2941 656 3008 mihi
683 2946 765 3009 esset
791 2941 908 3009 duabm
939 2941 1067 3028 reliquia
1092 2943 1316 3036 honorabilior,

113 3067 193 3131 quae
213 3066 270 3131 pro
284 3067 335 3112 me
355 3045 532 3133 indigniora
544 3067 689 3131 perpesso
711 3050 770 3125 est;
791 3067 871 3131 quae
890 3045 969 3112 mihi
989 3067 1045 3113 ma
1061 3049 1161 3112 morte
1181 3045 1316 3113 mediea-
1437 3035 1440 3044 ’

33 3143 52 3156 ’“
112 3151 253 3214 mentum
277 3147 387 3215 salutis
414 3148 560 3226 confecitc
588 3170 668 3233 quae
695 3170 744 3215 me
773 3149 810 3215 de
837 3147 947 3215 mortis
967 3152 999 3214 et
1026 3147 1138 3214 inferni
1166 3147 1316 3231 hucibus,
1352 3155 1429 3254 (70)

113 3251 219 3316 eodem
250 3249 396 3338 ingressa,
428 3250 549 3337 eripuit
591 3250 653 3318 Sed
683 3250 771 3317 absit·
794 3250 898 3316 hoca
927 3249 1063 3318 fidebam
1094 3250 1245 3331 cordibus,
1275 3256 1315 3318 ut

111 3355 225 3442 gradus
247 3353 374 3419 honoris
394 3352 455 3420 fide
482 3375 547 3433 suo,
575 3351 675 3440 magis
699 3374 772 3419 vero
800 3352 936 3438 pertidia,
964 3351 997 3418 in
1017 3351 1177 3418 divinitate
1198 3353 1312 3419 consti-

111 3459 209 3522 tuant
244 3454 328 3520 Nam
342 3455 425 3539 quod
438 3453 517 3519 mihi
529 3452 658 3521 Domini
678 3453 740 3520 mei
753 3454 775 3521 J
775 3475 829 3520 esu
843 3453 958 3521 Christi
971 3453 1147 3520 humanitas
1159 3454 1312 3535 subvenit,

43 3642 47 3651 Ι
83 3577 149 3624 ,ex
170 3555 310 3641 ingenito
331 3553 391 3620 eibi
411 3559 558 3639 paternae
577 3554 704 3640 pietatis
724 3554 811 3621 fonte
831 3554 995 3622 descendit
1029 3554 1090 3622 Sed
1110 3575 1168 3620 nec
1182 3559 1312 3622 asemet

110 3656 178 3740 ipso
199 3657 238 3721 ad
259 3655 339 3720 hano
360 3654 575 3733 obedientiam,
602 3655 655 3721 sed
681 3677 719 3720 ex
747 3655 845 3740 patris
869 3655 1013 3720 missione
1038 3655 1190 3739 perrenit;
1217 3655 1312 3721 simul

110 3765 142 3826 et
170 3782 233 3827 non
261 3761 380 3844 absque
407 3759 517 3845 spiritu
546 3763 662 3839 sancto,
689 3760 755 3826 sed
769 3781 830 3844 per
859 3759 1014 3844 spiritum
1043 3762 1192 3826 eundum
1216 3762 1311 3825 senet

109 3864 220 3951 ipram
234 3865 350 3932 obtulit
368 3863 563 3948 eocmfieium
578 3863 648 3931 Dco
666 3863 908 3932 immundorum
925 3862 965 3932 in
983 3859 1106 3931 odmen
1127 3861 1308 3930 acuum.

109 3965 210 4053 Igitur
229 3966 311 4032 sicut
330 3965 418 4031 nulla
438 3965 533 4030 bium
553 3963 587 4030 in
607 3964 721 4030 deitate
741 3984 942 4048 personarum
956 3962 1054 4030 altera
1073 3962 1192 4042 melior,
1211 3961 1256 4028 aio
1276 3967 1310 4028 et
1403 3983 1405 3988 ·

108 4067 197 4133 nulla
221 4065 359 4151 ipsarum
384 4087 458 4151 prae
483 4065 582 4132 altera
605 4066 725 4132 bonore
750 4061 874 4150 dignior
898 4067 952 4130 est
993 4061 1085 4130 Unde
1113 4066 1145 4129 et
1171 4083 1234 4128 una
1260 4060 1309 4126 in·

89 4219 90 4224 1
108 4164 258 4240 dracas
271 4165 371 4236 tribru
391 4165 485 4233 latria
503 4166 639 4234 debetur.
668 4165 738 4244 Sed,
751 4165 807 4248 qui
820 4161 955 4230 Domino
976 4167 1082 4230 norbo
1096 4163 1118 4230 J
1118 4183 1172 4228 ern
1184 4159 1307 4228 Christo

108 4259 1362 4353 ineoqnodDenedeDeoexaetemoeethhiamineoreroquod,

206 4457 555 4559 tlmabhtDortioaa·
