3010 5300
246 433 288 490 aa
515 425 696 484 innotus
721 381 1176 484 an1cnnnsnnaonua1s

245 597 472 682 quodammodo
486 603 542 677 αἱ,
555 598 630 683 qnia
644 599 770 667 vidmnt
782 601 880 667 solem
894 601 991 668 studi
1005 605 1059 682 est,
1086 622 1123 667 so
1137 600 1221 686 quod
1238 599 1449 666 indeficienter

245 719 284 764 aa
310 698 409 783 plene,
437 720 641 786 unaquaeque
669 705 773 768 tamen
800 723 857 786 pro
884 699 934 768 aui
954 701 1127 787 quantitate
1154 723 1208 767 seu
1236 699 1379 784 putitate,
1407 698 1448 765 ab

246 799 303 866 illo
332 801 458 884 pnsum
490 802 577 868 l'onte
608 802 690 890 ignis
721 807 753 868 et
783 803 916 884 luminis,
946 805 1012 871 sole
1041 803 1193 884 videlieet
1223 804 1328 869 lumen
1355 823 1448 870 suum

244 903 374 971 hanuiat
426 905 552 990 Diffort
584 909 672 976 mim
707 909 800 978 stello
833 929 854 976 u
885 909 978 976 stello
1008 910 1048 977 ia
1081 911 1246 992 claritate;
1280 912 1383 992 atque,
1411 910 1448 971 ut

195 1007 199 1012 ’
242 1011 403 1094 spostolus
415 1010 560 1090 affirmet
572 1013 619 1080 sio
639 1013 700 1080 erit
719 1017 750 1081 ot
770 1013 962 1082 resurrectio
983 1019 1192 1082 mortuomari.
1225 1011 1447 1097 Unusquisque

242 1115 328 1180 enim
347 1115 381 1181 in
400 1137 458 1182 suo
478 1117 586 1184 ordine
606 1123 639 1184 et
658 1119 829 1206 prophetia
860 1119 926 1200 Qoi
948 1123 1064 1202 astum,
1084 1118 1196 1204 inquit
1210 1117 1295 1186 docti
1308 1115 1446 1201 fimat,

240 1219 412 1308 sedandum
425 1223 520 1308 notua
532 1223 686 1310 mskssdor
698 1225 907 1310 firnmoueati,
929 1228 959 1290 et
973 1223 1030 1310 oui
1047 1225 1092 1292 od
1107 1223 1274 1310 jsestitiam
1287 1223 1448 1290 meditent

240 1327 367 1408 mus,
389 1329 485 1414 mensi
505 1329 615 1399 stellae
635 1331 675 1402 ia
694 1338 870 1420 perpetuas
892 1331 1106 1400 scomiaco.

156 1521 159 1526 Ι
341 1429 380 1497 ln
402 1453 467 1517 qno
495 1437 527 1498 st
554 1434 646 1500 istam
674 1435 908 1503 similitudinem
936 1435 1096 1502 stellarum
1125 1455 1196 1501 eum
1224 1433 1447 1501 resumentione

241 1537 435 1600 mortuorum
447 1535 611 1602 eonvenite
630 1536 786 1606 miramur.
821 1538 911 1618 Quia,
924 1537 1005 1604 siout
1022 1538 1133 1604 stellae
1153 1536 1218 1603 sive
1238 1535 1366 1622 proprio
1380 1533 1447 1602 sive

240 1635 352 1715 alieno,
372 1639 630 1722 quemadmodum
650 1640 688 1708 do
708 1641 784 1708 luno
804 1641 968 1728 perhibent
988 1639 1174 1726 philosophi,
1194 1640 1267 1728 igno
1288 1639 1398 1706 ardent
1414 1640 1448 1704 et

239 1739 355 1818 lnoenl,
374 1739 456 1807 idem
477 1741 565 1829 eos†)
592 1743 673 1831 ignis
697 1766 761 1810 non
786 1744 932 1830 depaseit
956 1743 1018 1822 sed
1043 1743 1124 1810 sieut
1143 1743 1319 1828 perenniter
1339 1743 1446 1809 luoent

239 1846 274 1908 et
293 1843 411 1922 erdem,
430 1843 476 1910 ita
493 1865 619 1931 quoque
639 1845 830 1914 substantiae
850 1847 994 1932 propriae
1018 1835 1226 1932 quantitatem
1252 1851 1285 1913 et
1304 1845 1445 1934 vigorem

238 1945 453 2012 mdnuubili
484 1948 675 2032 perennitate
707 1953 886 2016 retentant:
918 1949 963 2014 sio
994 1953 1025 2016 et
1054 1949 1281 2036 resurgentium
1315 1969 1446 2034 corpora

238 2068 390 2135 eorpoma
408 2047 564 2114 soliditate
592 2070 655 2116 non
681 2050 838 2130 carebunt
863 2049 1005 2136 quamvis
1029 2050 1145 2116 virtute
1164 2051 1233 2118 Deo
1254 2049 1446 2131 cohaerendi,

238 2150 405 2216 edacitate
424 2170 550 2235 quoquo
575 2155 608 2218 et
631 2152 772 2238 potentia
796 2153 830 2219 in
854 2157 1013 2219 momento
1039 2152 1235 2238 quantalibet
1253 2151 1355 2236 spatia
1373 2173 1443 2237 por·

237 2251 366 2317 volandi
394 2273 431 2316 ae
458 2252 559 2319 solida
586 2254 767 2338 pmetrandi
794 2254 833 2321 ad
860 2255 1042 2341 angelorum
1067 2253 1288 2338 aequalitatem
1304 2258 1444 2330 sentum
1479 2319 1480 2324 ,

237 2353 389 2418 edenda
401 2358 484 2432 sunt,
504 2355 576 2444 igne
596 2353 743 2422 nimimm
757 2354 928 2421 divinitatis
948 2359 1077 2421 naturae
1090 2357 1213 2420 nostrae
1231 2353 1442 2441 integritatem

236 2461 480 2535 oonsummmste,
498 2456 641 2543 quamvis
654 2457 922 2526 vehementissime
940 2455 1095 2524 afficiente
1115 2461 1148 2523 et
1164 2455 1368 2524 illuminante
1399 2455 1444 2522 Et

235 2557 299 2623 hoe
318 2557 352 2622 in
371 2578 469 2644 regno
490 2558 546 2625 illo
567 2559 637 2626 lidei
658 2559 691 2624 in
712 2560 802 2626 nobis
824 2559 994 2626 divinitatis
1015 2559 1156 2642 potentia
1175 2557 1269 2624 simul
1289 2563 1322 2624 et
1338 2557 1443 2644 gratio

125 2663 202 2748 (ts)
238 2681 278 2726 eo
307 2659 410 2725 minus
441 2659 582 2726 mirabile
613 2682 670 2726 neo
699 2661 895 2745 aliquatenus
925 2659 1107 2726 incredibile
1127 2663 1182 2738 est
1213 2657 1288 2743 quia
1318 2659 1351 2724 in
1382 2659 1442 2724 hae

235 2781 363 2847 quoque
382 2759 448 2826 vita
468 2763 621 2847 quaedum
640 2762 795 2842 animalis,
819 2766 856 2828 ut
875 2761 1077 2841 salamandra.
1103 2760 1206 2827 vivore
1226 2760 1259 2826 in
1280 2759 1354 2847 igne
1373 2782 1439 2826 ma·

234 2862 339 2929 terinli
363 2863 529 2949 probatum
557 2867 612 2930 mt
653 2863 741 2932 Siout
764 2885 839 2952 ergo
864 2865 972 2931 stellae
999 2867 1149 2950 perpetuo
1174 2863 1247 2950 igne
1271 2861 1380 2928 ardent
1407 2864 1441 2928 et

235 2965 343 3032 lnoent
361 2987 398 3031 ae
425 2963 627 3032 nihilominus
647 2965 681 3031 in
700 2989 774 3033 suae
794 2964 986 3032 substantiae
1006 2965 1163 3032 soliditate
1184 2968 1378 3051 permanent
1408 2965 1440 3028 et

235 3067 321 3133 sieut
338 3067 433 3134 rubos
454 3068 562 3134 ardens
582 3068 665 3134 visus
686 3072 733 3133 est
753 3071 785 3134 et
805 3068 922 3155 nonl†)
943 3067 1095 3145 eonsumi;
1117 3072 1150 3133 et
1168 3067 1250 3134 sieut
1268 3067 1302 3132 in
1316 3066 1352 3133 Β.
1366 3063 1438 3132 Vir·

232 3167 351 3257 ginem.
380 3174 511 3236 mntem
539 3168 667 3238 Domini
699 3192 770 3236 mox
801 3170 952 3248 futuram,
983 3169 1110 3255 spiritus
1144 3173 1281 3248 sanetus,
1316 3167 1439 3234 divinus

234 3270 355 3338 seilicet
383 3271 474 3360 ignita
503 3271 691 3358 supervenit
721 3273 774 3340 sed
806 3271 905 3340 sidem
930 3273 1045 3339 virtute
1073 3271 1215 3340 altissimi
1247 3273 1287 3338 ad
1316 3291 1439 3338 eonsen-

234 3373 393 3440 sstionem
417 3379 547 3440 naturae
570 3373 664 3440 simul
688 3379 720 3440 et
740 3375 927 3462 virginitatis
952 3373 1192 3460 perpetuitatem
1218 3372 1438 3440 obumbratum

234 3481 307 3542 est:
326 3475 372 3542 ila
391 3479 424 3542 et
443 3477 477 3543 in
496 3476 718 3544 resumentione
738 3476 776 3544 de
795 3477 885 3543 nobis
905 3477 1092 3563 sperandum
1114 3481 1169 3544 est
1204 3475 1297 3544 Unde
1318 3481 1351 3543 et
1370 3476 1437 3562 pal·

231 3577 366 3664 palbsses
386 3577 500 3645 enimus
520 3599 576 3664 per
595 3599 760 3663 eorporeae
781 3579 942 3645 veritatem
967 3582 1095 3645 manse
1120 3583 1153 3644 et
1181 3578 1301 3665 angelis
1320 3577 1437 3644 similes

233 3701 293 3764 per
319 3701 409 3745 usum
435 3679 556 3766 gratiae
577 3684 610 3745 et
636 3679 778 3744 effeetuun
801 3681 966 3766 potentia.
1009 3679 1133 3746 Orietur
1161 3679 1244 3745 enim
1272 3677 1371 3758 nobis,
1397 3677 1437 3742 ti·

231 3783 391 3852 mentitus
420 3785 530 3862 Deum.
560 3785 608 3851 sol
634 3782 784 3867 justitiae,
815 3788 851 3849 ut
879 3784 1037 3850 videamus
1067 3785 1169 3850 Deum
1197 3783 1296 3851 dotti
1317 3787 1373 3865 est,
1405 3785 1438 3848 et

232 3891 410 3977 fulgeamus
439 3887 524 3956 sinet
547 3888 654 3955 stellae
677 3889 717 3956 ia
743 3893 918 3972 perpetuus
944 3887 1163 3968 aeternitates,
1190 3893 1221 3954 et
1244 3886 1372 3954 sonitus
1396 3885 1435 3953 ia

228 3993 357 4092 pessis
376 3993 454 4078 φἰιο,
475 3997 511 4059 nt
530 3996 658 4058 naturae
678 3993 711 4058 in
731 3991 821 4058 uobis
841 4012 1006 4077 corporeae
1026 3991 1139 4057 veritas
1160 3994 1193 4057 et
1212 3989 1352 4057 soliditas
1372 4010 1436 4055 non

233 4097 387 4180 omont
429 4093 568 4178 Alioqui,
592 4093 619 4160 si
647 4092 784 4178 eorporis
808 4093 841 4158 in
862 4093 952 4159 nobis
972 4091 1087 4158 veritas
1112 4113 1182 4158 oum
1207 4091 1271 4158 suis
1295 4091 1435 4174 sensibus

233 4195 399 4282 depen'rst
432 4196 514 4261 unde
537 4191 709 4280 spiritualis
736 4193 870 4278 paradisi
895 4193 1020 4260 delicias
1051 4193 1252 4270 hamiremus,
1281 4193 1315 4256 in
1345 4190 1436 4256 nobis

232 4319 299 4364 non
322 4301 410 4364 esset
450 4293 543 4363 Nune
569 4316 653 4373 vero,
683 4295 764 4362 sieut
793 4292 919 4379 spititus
943 4299 1048 4360 noster
1073 4297 1105 4360 et
1136 4292 1257 4359 animus
1282 4290 1376 4382 tertio
1402 4291 1435 4356 in

232 4397 332 4476 eaelo,
358 4395 573 4481 qoalaeunque
601 4394 761 4474 illudent
790 4393 958 4480 sapientise
990 4385 1218 4461 illuminatione
1247 4393 1435 4478 paeleum

333 4529 837 4655 amaa-mmmm·

997 4729 1034 4741 μοι·
