3010 5300
523 423 858 486 APOLOGMIOUS.
1249 433 1290 492 π

91 587 166 658 item
183 591 338 679 generalis
357 591 408 657 vel
428 593 583 658 catholica
607 593 641 657 in
666 593 782 678 poptdo
811 591 977 658 christiano
998 593 1074 659 fides
1094 597 1149 673 est,
1169 593 1294 659 nemine

90 692 259 772 dubitante
280 692 365 776 quod
383 691 484 780 Virgo
503 692 605 758 Deum
626 697 658 760 et
677 691 837 759 bominem
856 692 1008 779 genuerit,
1027 693 1114 760 salva
1133 697 1239 759 tamen
1258 691 1295 758 in

90 815 128 859 eo
149 792 204 876 qni
224 796 315 859 naua
336 797 384 858 est
407 793 569 878 utriusque
594 797 722 860 naturae
740 792 871 858 veritate
891 793 924 859 in
951 793 1043 860 unius
1062 813 1211 878 personae
1229 793 1294 858 sin·
1368 841 1371 846 Δ

89 893 265 982 gularitate,
293 893 373 960 siout
399 893 505 960 divina
528 915 652 981 quoque
672 893 732 961 Dei
761 893 860 981 patris
886 894 1045 982 generatio
1073 893 1231 960 bominem
1258 893 1293 960 in

89 1001 192 1066 Deum
223 999 371 1086 provexit
418 997 510 1066 Unde
537 999 676 1066 Hilarius
704 999 769 1082 (De
795 999 892 1067 Trica.
916 999 936 1066 L
960 997 1026 1067 IX.
1049 999 1125 1084 38).·
1154 999 1293 1079 Homini,
1322 1019 1357 1079 ν,

90 1099 200 1185 inquit,
225 1098 450 1183 acquirebatur,
475 1104 512 1165 nt
531 1100 615 1166 Deus
642 1104 731 1179 esset,
759 1106 792 1166 at
811 1121 875 1166 non
900 1098 985 1165 alind
1010 1098 1093 1165 filius
1113 1100 1172 1165 Dei
1192 1121 1319 1184 neque·

89 1199 173 1266 aliud
192 1199 275 1265 iilius
295 1197 443 1275 hominis;
464 1202 497 1264 et
509 1199 565 1283 qui
586 1200 668 1266 filius
682 1199 743 1267 Dei
763 1199 814 1265 bic
834 1203 867 1265 et
886 1198 969 1264 filius
989 1198 1132 1267 hominia
1145 1199 1293 1267 -Unde

88 1302 194 1388 glossa
212 1321 337 1385 quoque
357 1300 414 1365 iila
434 1300 468 1367 in
487 1301 673 1386 principium
694 1299 814 1386 primae
834 1299 986 1386 epistolae
999 1299 1091 1367 Pauli
1111 1322 1150 1366 ax
1166 1305 1293 1385 patrum

88 1401 248 1468 sententiis
268 1405 301 1466 et
320 1422 411 1466 sensu
431 1407 569 1485 sumptam
585 1423 665 1486 quae
684 1402 757 1468 talis
778 1406 840 1468 est:
860 1400 962 1467 Tanta
981 1405 1036 1481 est,
1057 1401 1103 1468 ait
1122 1401 1292 1468 catholicus
1323 1419 1363 1460 ν

88 1503 143 1570 ille
163 1502 327 1590 glossator,
346 1501 421 1568 nnio
441 1501 602 1588 utriusque
623 1509 758 1584 naturae,
779 1507 816 1568 ut
835 1506 938 1569 totum
951 1501 1072 1569 dicatur
1084 1503 1177 1582 Dens,
1190 1507 1293 1569 totum

88 1605 206 1670 bomo:
228 1607 260 1670 et
279 1604 356 1670 baec
376 1604 548 1670 conversim
568 1605 607 1672 de
632 1628 665 1672 se
691 1604 916 1693 praedicantur.
937 1641 980 1653 -
999 1603 1089 1682 Quod
1109 1625 1172 1672 non
1191 1607 1239 1672 est
1257 1603 1291 1670 in

88 1706 180 1772 rebus
201 1705 371 1772 bominum
413 1707 457 1772 Iit
477 1707 554 1773 haec
575 1711 623 1773 est
642 1708 699 1774 illa
718 1705 877 1784 nammffi,
900 1705 974 1785 imo,
994 1709 1030 1772 ut
1048 1705 1163 1773 rectius
1183 1706 1292 1784 dicam,

87 1807 332 1894 supernaturalis
356 1807 430 1874 nnio
456 1811 636 1874 natanamm
656 1809 690 1875 in
710 1807 842 1887 Christo,
862 1829 956 1894 qnam
976 1812 1083 1876 noetm
1101 1807 1156 1874 ille
1176 1806 1291 1874 Follis·

88 1929 210 1974 amarua
231 1908 337 1988 noant,
357 1929 475 1994 nosque
496 1909 534 1976 de
554 1915 662 1977 nostro
687 1910 836 1997 mposisse
857 1915 889 1977 et
909 1911 1115 1978 introduxisse
1134 1909 1291 1988 mentitar,

87 2031 158 2076 cum
179 2007 283 2095 potius
302 2013 427 2094 patrm
447 2031 539 2075 sensu
559 2010 602 2076 sit
616 2010 685 2095 jam
706 2011 783 2077 olim
802 2016 926 2096 recepta
946 2016 979 2078 et
998 2011 1179 2098 approbata
1330 2017 1412 2097 (27)

186 2109 297 2195 Neque
313 2131 387 2176 vero
408 2111 603 2196 personalem
624 2111 657 2177 in
671 2111 794 2178 Christo
815 2117 995 2179 naturannm
1014 2112 1162 2179 unionem
1182 2131 1240 2177 nos
1259 2113 1292 2176 et

86 2213 261 2278 naturalem
286 2211 463 2292 diffitemur,
489 2216 520 2277 et
540 2234 558 2278 e
578 2233 735 2293 converso,
759 2213 814 2278 sed
838 2213 976 2292 eandem,
1003 2235 1098 2300 quam
1118 2211 1290 2280 naturalem

87 2313 151 2381 sive
172 2313 365 2399 personalem
387 2313 524 2393 dicimus,
548 2314 673 2398 insuper
698 2317 731 2380 et
750 2315 1017 2398 supernaturalem
1041 2315 1233 2391 eonfitemur,
1252 2333 1290 2378 eo

88 2416 171 2501 quod
197 2415 300 2500 major
320 2415 367 2480 vis
394 2415 564 2483 divinitatis
584 2415 682 2483 Verbi
709 2415 749 2482 ad
767 2415 944 2483 uniendum
971 2415 1031 2482 sibi
1059 2413 1217 2482 bominem
1237 2435 1290 2480 en·

79 2517 194 2597 ,titerit
209 2537 305 2602 qoam
325 2516 446 2583 animae
464 2518 620 2584 humanae
633 2519 737 2584 vdent
757 2539 823 2584 esse
836 2518 876 2585 ad
896 2518 1061 2584 uniendam
1082 2516 1142 2584 sibi
1157 2537 1289 2584 carnem

86 2621 178 2689 Unde
206 2624 238 2686 et
265 2617 454 2686 insufficiens
483 2624 531 2686 est
557 2619 614 2686 illa
641 2619 812 2686 similitudo
839 2617 1003 2686 Athanasii
1030 2617 1175 2685 dicentis:
1202 2615 1291 2685 Sicut

48 2709 49 2716 ἵ
86 2723 191 2789 anima
211 2720 372 2788 rationalis
393 2725 425 2788 et
445 2743 517 2788 caro
546 2744 626 2788 unus
652 2727 700 2788 est
726 2720 830 2801 bomo,
858 2721 905 2788 ita
924 2721 1009 2791 Deus
1034 2725 1067 2787 et
1093 2722 1189 2788 homo
1210 2743 1291 2787 unus
1409 2785 1411 2788 .

87 2830 134 2890 est
161 2823 310 2892 christun.
352 2823 482 2909 Alioqui
507 2828 608 2891 totum
634 2823 718 2891 Deus
744 2827 777 2890 et
800 2826 903 2891 totum
927 2824 1023 2894 bomo
1048 2843 1112 2890 non
1135 2827 1219 2890 reete
1244 2821 1290 2888 di·

86 2932 236 3007 cerentur,
256 2947 313 2992 nec
333 2927 505 2994 conversim
525 2927 564 2993 de
584 2947 618 2992 se
638 2925 723 2992 Deus
745 2931 777 2994 et
801 2927 896 2994 homo
921 2927 1183 3014 medicarentur,
1209 2923 1291 2991 deut
1322 2933 1325 2939 '

87 3051 143 3096 nee
163 3049 275 3115 corpus
296 3028 400 3096 anima
420 3051 477 3096 nac
497 3028 602 3096 anima
621 3048 733 3114 corpus
754 3050 820 3122 ease
839 3033 923 3096 recte
944 3029 1063 3110 dieitur,
1087 3051 1167 3115 quaa
1187 3028 1291 3094 solum

64 3131 221 3200 vnasturcii
249 3133 417 3220 eademque
442 3131 598 3219 personali
626 3131 745 3200 unitate
771 3153 868 3199 unum
895 3137 975 3201 sunt
994 3159 997 3166 ·
1017 3131 1078 3200 Sed
1103 3153 1160 3199 nec
1187 3135 1291 3198 toturn

86 3258 199 3323 corpus
220 3259 277 3302 nec
297 3241 400 3303 totum
426 3236 529 3303 anima
553 3239 646 3316 recta
671 3235 731 3302 nisi
751 3235 833 3302 sorte
858 3257 914 3321 per
938 3235 1156 3324 tropologiam,
1177 3234 1291 3302 dicitu

58 3393 59 3396 ,
86 3340 118 3406 in
139 3337 392 3418 naturalibus-id,
408 3339 490 3424 qnod
511 3359 549 3405 ex
563 3358 691 3424 corpore
712 3341 744 3404 et
764 3337 937 3423 animaper
957 3338 1103 3405 unionem
1123 3359 1219 3405 unum
1233 3341 1290 3406 eet

185 3441 272 3508 Haec
292 3441 390 3529 igitur
417 3445 499 3521 sunt,
528 3461 609 3526 quae
639 3439 820 3508 inconcusse
848 3441 925 3508 fides
957 3441 1112 3508 catholica
1141 3445 1227 3507 tenet
1256 3442 1291 3506 et

85 3548 189 3610 tenere
216 3543 316 3623 debet,
343 3543 444 3609 Deum
472 3565 538 3610 esse
562 3542 721 3610 bominem
750 3549 782 3610 et
809 3543 967 3611 hominem
996 3542 1107 3623 Deum,
1140 3565 1176 3610 eo
1204 3543 1291 3628 quod

85 3645 224 3712 Verbum
255 3666 327 3711 caro
359 3643 476 3710 fectum
507 3645 549 3711 sit
579 3649 612 3710 et
640 3665 711 3711 caru
730 3643 878 3714 Verbum
928 3643 1020 3712 Unde
1051 3645 1139 3712 munt
1169 3649 1292 3730 patres:

84 3745 227 3832 Utraque
247 3747 340 3826 Deus,
364 3751 495 3832 eumue
520 3747 630 3825 homo;
655 3751 787 3832 nunqua
807 3747 892 3812 Dens
915 3751 1044 3832 propter
1070 3745 1289 3832 suscipientem

84 3848 195 3928 Deum,
214 3854 347 3934 unaque
366 3849 462 3915 homo
483 3851 611 3934 propter
631 3851 790 3933 acceptum
810 3846 976 3927 hominem,
997 3851 1029 3914 et
1048 3847 1123 3932 quia
1135 3847 1289 3915 Dominus

77 3950 176 4017 ‘desua
204 3953 336 4037 utraque
365 3951 538 4018 substantia
568 3952 616 4016 cet
645 3949 763 4035 primus
795 3953 828 4015 et
857 3947 970 4026 unicus,
997 3947 1080 4015 filius
1111 3948 1179 4028 Dei,
1209 3947 1291 4015 sicut

84 4057 216 4138 ubaque
243 4053 417 4121 substantia
442 4052 524 4120 iilius
549 4073 675 4140 quoque
695 4049 834 4139 Virginis
860 4054 916 4119 cst
956 4049 1048 4122 Unda
1069 4049 1105 4118 B.
1126 4049 1289 4138 Virginem

85 4148 243 4224 θεοτόκον
268 4155 329 4223 dici
349 4155 459 4223 debera
489 4179 511 4222 a
540 4153 679 4238 patribus
709 4153 859 4240 Ephesini
893 4152 1018 4220 concilii
1046 4153 1202 4220 decretum
1233 4158 1288 4219 est

84 4259 165 4351 Sunt
184 4263 289 4325 autem
310 4263 436 4345 atquae
456 4257 629 4346 sapientum
650 4255 883 4343 inquisitionem
904 4255 1070 4324 admittant
1090 4255 1123 4322 in
1143 4255 1193 4322 bis
1213 4253 1289 4342 ipsis
1347 4305 1349 4308 -

84 4361 194 4448 ¹vdrbis,
214 4363 289 4430 dnm
309 4363 393 4428 Deus
413 4361 508 4429 bomo
534 4362 681 4428 ethome
702 4361 786 4428 Deus
807 4357 927 4440 dicitur,
947 4358 1049 4446 qualis
1069 4357 1212 4426 videficet
1231 4357 1289 4426 iila

48 4437 70 4556 ,ἰ
78 4439 272 4984 Γαΐω
299 4468 350 4549 sit,
376 4471 483 4535 utrum
507 4470 635 4534 netues
661 4465 700 4532 de
724 4468 835 4533 natura
859 4487 899 4531 an
919 4486 1068 4553 personae
1089 4465 1127 4533 de
1147 4486 1288 4552 persona

48 4575 50 4608 ²
117 4573 140 4700 d
158 4595 308 4663 personae
328 4573 366 4642 de
386 4575 506 4654 natura,
527 4573 582 4638 ant
602 4574 730 4638 naturae
751 4570 789 4637 de
808 4591 951 4659 persona·
968 4591 1010 4637 an
1028 4589 1103 4638 raro
1123 4567 1158 4636 in
1176 4571 1289 4638 neuma
