<?xml version="1.0" encoding="UTF-8"?>
<!DOCTYPE html PUBLIC "-//W3C//DTD XHTML 1.0 Transitional//EN"
    "http://www.w3.org/TR/xhtml1/DTD/xhtml1-transitional.dtd">
<html xmlns="http://www.w3.org/1999/xhtml" xml:lang="en" lang="en">
 <head>
  <title>
</title>
<meta http-equiv="Content-Type" content="text/html;charset=utf-8" />
  <meta name='ocr-system' content='tesseract 3.04.00' />
  <meta name='ocr-capabilities' content='ocr_page ocr_carea ocr_par ocr_line ocrx_word'/>
</head>
<body>
  <div class='ocr_page' id='page_1' title='image "arnonisreichers00arnogoog_0067.png"; bbox 0 0 3010 5300; ppageno 0'>
   <div class='ocr_carea' id='block_1_1' title="bbox 539 137 1333 332">
    <p class='ocr_par' dir='ltr' id='par_1_1' title="bbox 539 137 1333 332">
     <span class='ocr_line' id='line_1_1' title="bbox 1313 137 1333 192; baseline 0 -26"><span class='ocrx_word' id='word_1_1' title='bbox 1313 137 1333 192; x_wconf 60' lang='lat' dir='ltr'><strong>q</strong></span> 
     </span>
     <span class='ocr_line' id='line_1_2' title="bbox 539 259 1308 332; baseline 0.005 -14"><span class='ocrx_word' id='word_1_2' title='bbox 539 259 877 319; x_wconf 70' lang='lat' dir='ltr'><strong>APOLOGE&#39;PIOUS.</strong></span> <span class='ocrx_word' id='word_1_3' title='bbox 1261 271 1308 332; x_wconf 79' lang='lat'><strong>49</strong></span> 
     </span>
    </p>
   </div>
   <div class='ocr_carea' id='block_1_2' title="bbox 9 430 1422 4496">
    <p class='ocr_par' dir='ltr' id='par_1_2' title="bbox 2 430 1422 4496">
     <span class='ocr_line' id='line_1_3' title="bbox 109 430 1309 516; baseline 0.003 -21"><span class='ocrx_word' id='word_1_4' title='bbox 109 450 241 516; x_wconf 90' lang='lat' dir='ltr'><strong>qnorum</strong></span> <span class='ocrx_word' id='word_1_5' title='bbox 261 451 334 509; x_wconf 85' lang='lat' dir='ltr'><strong>uno,</strong></span> <span class='ocrx_word' id='word_1_6' title='bbox 355 430 429 496; x_wconf 90' lang='lat' dir='ltr'><strong>dum</strong></span> <span class='ocrx_word' id='word_1_7' title='bbox 443 430 555 497; x_wconf 86' lang='lat' dir='ltr'><strong>clausis</strong></span> <span class='ocrx_word' id='word_1_8' title='bbox 576 431 672 496; x_wconf 85' lang='lat' dir='ltr'><strong>intrat</strong></span> <span class='ocrx_word' id='word_1_9' title='bbox 688 430 801 514; x_wconf 83' lang='lat' dir='ltr'><strong>januis,</strong></span> <span class='ocrx_word' id='word_1_10' title='bbox 822 452 879 498; x_wconf 90' lang='lat' dir='ltr'><strong>nos</strong></span> <span class='ocrx_word' id='word_1_11' title='bbox 900 430 1042 497; x_wconf 87' lang='lat' dir='ltr'><strong>invitavit</strong></span> <span class='ocrx_word' id='word_1_12' title='bbox 1063 431 1101 497; x_wconf 91' lang='lat' dir='ltr'><strong>ad</strong></span> <span class='ocrx_word' id='word_1_13' title='bbox 1122 433 1309 516; x_wconf 69' lang='lat' dir='ltr'><strong>praemium</strong></span> 
     </span>
     <span class='ocr_line' id='line_1_4' title="bbox 107 531 1307 618; baseline 0.003 -21"><span class='ocrx_word' id='word_1_14' title='bbox 107 533 140 597; x_wconf 92' lang='lat' dir='ltr'><strong>in</strong></span> <span class='ocrx_word' id='word_1_15' title='bbox 161 535 259 600; x_wconf 84' lang='lat' dir='ltr'><strong>sltem</strong></span> <span class='ocrx_word' id='word_1_16' title='bbox 280 553 362 610; x_wconf 77' lang='lat' dir='ltr'><strong>vero,</strong></span> <span class='ocrx_word' id='word_1_17' title='bbox 389 532 463 597; x_wconf 87' lang='lat' dir='ltr'><strong>dum</strong></span> <span class='ocrx_word' id='word_1_18' title='bbox 490 532 610 616; x_wconf 86' lang='lat' dir='ltr'><strong>palpari</strong></span> <span class='ocrx_word' id='word_1_19' title='bbox 630 555 663 598; x_wconf 94' lang='lat' dir='ltr'><strong>se</strong></span> <span class='ocrx_word' id='word_1_20' title='bbox 684 533 808 618; x_wconf 85' lang='lat' dir='ltr'><strong>patitur,</strong></span> <span class='ocrx_word' id='word_1_21' title='bbox 844 533 908 598; x_wconf 90' lang='lat' dir='ltr'><strong>veri</strong></span> <span class='ocrx_word' id='word_1_22' title='bbox 935 533 1072 618; x_wconf 85' lang='lat' dir='ltr'><strong>corporis</strong></span> <span class='ocrx_word' id='word_1_23' title='bbox 1099 531 1245 600; x_wconf 84' lang='lat' dir='ltr'><strong>lonuavit</strong></span> <span class='ocrx_word' id='word_1_24' title='bbox 1263 536 1307 600; x_wconf 87' lang='lat' dir='ltr'><strong>cd</strong></span> 
     </span>
     <span class='ocr_line' id='line_1_5' title="bbox 107 633 1308 722; baseline 0.002 -23"><span class='ocrx_word' id='word_1_25' title='bbox 107 634 206 700; x_wconf 84' lang='lat' dir='ltr'><strong>fidem</strong></span> <span class='ocrx_word' id='word_1_26' title='bbox 248 633 343 712; x_wconf 83' lang='lat' dir='ltr'><strong>Quasi</strong></span> <span class='ocrx_word' id='word_1_27' title='bbox 363 633 518 700; x_wconf 87' lang='lat' dir='ltr'><strong>contraria</strong></span> <span class='ocrx_word' id='word_1_28' title='bbox 538 633 614 710; x_wconf 80' lang='lat' dir='ltr'><strong>dixi3</strong></span> <span class='ocrx_word' id='word_1_29' title='bbox 635 634 728 718; x_wconf 87' lang='lat' dir='ltr'><strong>idque</strong></span> <span class='ocrx_word' id='word_1_30' title='bbox 749 633 784 701; x_wconf 92' lang='lat' dir='ltr'><strong>B.</strong></span> <span class='ocrx_word' id='word_1_31' title='bbox 804 633 988 722; x_wconf 78' lang='lat' dir='ltr'><strong>Gregorium</strong></span> <span class='ocrx_word' id='word_1_32' title='bbox 1008 633 1146 716; x_wconf 79' lang='lat' dir='ltr'><strong>sensisse,</strong></span> <span class='ocrx_word' id='word_1_33' title='bbox 1167 656 1229 702; x_wconf 89' lang='lat' dir='ltr'><strong>non</strong></span> <span class='ocrx_word' id='word_1_34' title='bbox 1250 637 1308 702; x_wconf 92' lang='lat' dir='ltr'><strong>du-</strong></span> 
     </span>
     <span class='ocr_line' id='line_1_6' title="bbox 106 734 1309 819; baseline 0.002 -20"><span class='ocrx_word' id='word_1_35' title='bbox 106 735 180 800; x_wconf 82' lang='lat' dir='ltr'><strong>bito.</strong></span> <span class='ocrx_word' id='word_1_36' title='bbox 222 734 334 819; x_wconf 87' lang='lat' dir='ltr'><strong>Neque</strong></span> <span class='ocrx_word' id='word_1_37' title='bbox 355 735 437 800; x_wconf 91' lang='lat' dir='ltr'><strong>enim</strong></span> <span class='ocrx_word' id='word_1_38' title='bbox 459 735 610 812; x_wconf 82' lang='lat' dir='ltr'><strong>convenit,</strong></span> <span class='ocrx_word' id='word_1_39' title='bbox 630 739 668 800; x_wconf 92' lang='lat' dir='ltr'><strong>ut</strong></span> <span class='ocrx_word' id='word_1_40' title='bbox 686 735 837 800; x_wconf 76' lang='lat' dir='ltr'><strong>Dominus</strong></span> <span class='ocrx_word' id='word_1_41' title='bbox 858 735 958 812; x_wconf 86' lang='lat' dir='ltr'><strong>Jesus,</strong></span> <span class='ocrx_word' id='word_1_42' title='bbox 988 735 1042 819; x_wconf 92' lang='lat' dir='ltr'><strong>qui</strong></span> <span class='ocrx_word' id='word_1_43' title='bbox 1069 757 1130 818; x_wconf 86' lang='lat' dir='ltr'><strong>pax</strong></span> <span class='ocrx_word' id='word_1_44' title='bbox 1158 757 1232 802; x_wconf 84' lang='lat' dir='ltr'><strong>veru</strong></span> <span class='ocrx_word' id='word_1_45' title='bbox 1251 743 1309 814; x_wconf 66' lang='lat' dir='ltr'><strong>est,</strong></span> 
     </span>
     <span class='ocr_line' id='line_1_7' title="bbox 106 834 1307 921; baseline 0.001 -22"><span class='ocrx_word' id='word_1_46' title='bbox 106 835 276 921; x_wconf 78' lang='lat' dir='ltr'><strong>quidquam</strong></span> <span class='ocrx_word' id='word_1_47' title='bbox 305 834 338 900; x_wconf 91' lang='lat' dir='ltr'><strong>in</strong></span> <span class='ocrx_word' id='word_1_48' title='bbox 365 857 398 900; x_wconf 89' lang='lat' dir='ltr'><strong>se</strong></span> <span class='ocrx_word' id='word_1_49' title='bbox 428 855 499 900; x_wconf 88' lang='lat' dir='ltr'><strong>vere</strong></span> <span class='ocrx_word' id='word_1_50' title='bbox 524 835 712 900; x_wconf 83' lang='lat' dir='ltr'><strong>contrarium</strong></span> <span class='ocrx_word' id='word_1_51' title='bbox 739 835 833 900; x_wconf 88' lang='lat' dir='ltr'><strong>simul</strong></span> <span class='ocrx_word' id='word_1_52' title='bbox 862 835 1042 901; x_wconf 83' lang='lat' dir='ltr'><strong>exhibuerit</strong></span> <span class='ocrx_word' id='word_1_53' title='bbox 1084 835 1176 900; x_wconf 79' lang='lat' dir='ltr'><strong>Esset</strong></span> <span class='ocrx_word' id='word_1_54' title='bbox 1202 841 1307 900; x_wconf 66' lang='lat' dir='ltr'><strong>antemi</strong></span> 
     </span>
     <span class='ocr_line' id='line_1_8' title="bbox 105 933 1422 1022; baseline -0.001 -19"><span class='ocrx_word' id='word_1_55' title='bbox 105 937 304 1015; x_wconf 68' lang='lat' dir='ltr'><strong>corbanum,</strong></span> <span class='ocrx_word' id='word_1_56' title='bbox 342 933 462 1020; x_wconf 85' lang='lat' dir='ltr'><strong>palpari</strong></span> <span class='ocrx_word' id='word_1_57' title='bbox 492 940 525 1001; x_wconf 86' lang='lat' dir='ltr'><strong>et</strong></span> <span class='ocrx_word' id='word_1_58' title='bbox 554 955 617 1000; x_wconf 90' lang='lat' dir='ltr'><strong>non</strong></span> <span class='ocrx_word' id='word_1_59' title='bbox 648 957 738 1020; x_wconf 92' lang='lat' dir='ltr'><strong>posse</strong></span> <span class='ocrx_word' id='word_1_60' title='bbox 766 935 932 1022; x_wconf 75' lang='lat' dir='ltr'><strong>corrumpi,</strong></span> <span class='ocrx_word' id='word_1_61' title='bbox 959 935 986 1002; x_wconf 93' lang='lat' dir='ltr'><strong>si</strong></span> <span class='ocrx_word' id='word_1_62' title='bbox 1017 941 1193 1002; x_wconf 88' lang='lat' dir='ltr'><strong>nostrorum</strong></span> <span class='ocrx_word' id='word_1_63' title='bbox 1221 956 1307 1002; x_wconf 88' lang='lat' dir='ltr'><strong>more</strong></span> <span class='ocrx_word' id='word_1_64' title='bbox 1347 938 1422 1020; x_wconf 78' lang='grc'>(49)</span> 
     </span>
     <span class='ocr_line' id='line_1_9' title="bbox 105 1035 1308 1122; baseline -0.002 -18"><span class='ocrx_word' id='word_1_65' title='bbox 105 1059 269 1122; x_wconf 91' lang='lat' dir='ltr'><strong>corporum</strong></span> <span class='ocrx_word' id='word_1_66' title='bbox 290 1037 372 1102; x_wconf 89' lang='lat' dir='ltr'><strong>idem</strong></span> <span class='ocrx_word' id='word_1_67' title='bbox 385 1035 582 1102; x_wconf 90' lang='lat' dir='ltr'><strong>Dominioum</strong></span> <span class='ocrx_word' id='word_1_68' title='bbox 602 1057 712 1121; x_wconf 91' lang='lat' dir='ltr'><strong>corpus</strong></span> <span class='ocrx_word' id='word_1_69' title='bbox 730 1036 916 1103; x_wconf 78' lang='lat' dir='ltr'><strong>omnimodis</strong></span> <span class='ocrx_word' id='word_1_70' title='bbox 936 1040 969 1102; x_wconf 91' lang='lat' dir='ltr'><strong>et</strong></span> <span class='ocrx_word' id='word_1_71' title='bbox 989 1036 1139 1103; x_wconf 84' lang='lat' dir='ltr'><strong>usualiter</strong></span> <span class='ocrx_word' id='word_1_72' title='bbox 1151 1037 1308 1122; x_wconf 87' lang='lat' dir='ltr'><strong>palpabile</strong></span> 
     </span>
     <span class='ocr_line' id='line_1_10' title="bbox 105 1135 1374 1223; baseline 0.001 -20"><span class='ocrx_word' id='word_1_73' title='bbox 105 1139 251 1204; x_wconf 86' lang='lat' dir='ltr'><strong>existeret</strong></span> <span class='ocrx_word' id='word_1_74' title='bbox 270 1142 365 1221; x_wconf 85' lang='lat' dir='ltr'><strong>atque</strong></span> <span class='ocrx_word' id='word_1_75' title='bbox 386 1136 516 1204; x_wconf 77' lang='lat' dir='ltr'><strong>visibile.</strong></span> <span class='ocrx_word' id='word_1_76' title='bbox 557 1135 618 1204; x_wconf 83' lang='lat' dir='ltr'><strong>Sed</strong></span> <span class='ocrx_word' id='word_1_77' title='bbox 637 1137 699 1203; x_wconf 91' lang='lat' dir='ltr'><strong>hoc</strong></span> <span class='ocrx_word' id='word_1_78' title='bbox 720 1137 917 1222; x_wconf 80' lang='lat' dir='ltr'><strong>evangelicae</strong></span> <span class='ocrx_word' id='word_1_79' title='bbox 937 1137 1079 1208; x_wconf 86' lang='lat' dir='ltr'><strong>lectionis</strong></span> <span class='ocrx_word' id='word_1_80' title='bbox 1099 1137 1308 1223; x_wconf 81' lang='lat' dir='ltr'><strong>intelligentia</strong></span> <span class='ocrx_word' id='word_1_81' title='bbox 1372 1191 1374 1194; x_wconf 87' lang='lat'><strong>.</strong></span> 
     </span>
     <span class='ocr_line' id='line_1_11' title="bbox 103 1237 1305 1324; baseline 0.001 -20"><span class='ocrx_word' id='word_1_82' title='bbox 103 1239 251 1322; x_wconf 88' lang='lat' dir='ltr'><strong>suspicari</strong></span> <span class='ocrx_word' id='word_1_83' title='bbox 272 1259 336 1302; x_wconf 91' lang='lat' dir='ltr'><strong>non</strong></span> <span class='ocrx_word' id='word_1_84' title='bbox 351 1239 478 1322; x_wconf 82' lang='lat' dir='ltr'><strong>patitur,</strong></span> <span class='ocrx_word' id='word_1_85' title='bbox 498 1238 572 1304; x_wconf 91' lang='lat' dir='ltr'><strong>dum</strong></span> <span class='ocrx_word' id='word_1_86' title='bbox 593 1237 708 1304; x_wconf 91' lang='lat' dir='ltr'><strong>totiens</strong></span> <span class='ocrx_word' id='word_1_87' title='bbox 728 1259 800 1302; x_wconf 90' lang='lat' dir='ltr'><strong>eum</strong></span> <span class='ocrx_word' id='word_1_88' title='bbox 821 1245 927 1304; x_wconf 87' lang='lat' dir='ltr'><strong>narrat</strong></span> <span class='ocrx_word' id='word_1_89' title='bbox 940 1237 1099 1324; x_wconf 81' lang='lat' dir='ltr'><strong>discipulis</strong></span> <span class='ocrx_word' id='word_1_90' title='bbox 1119 1239 1305 1324; x_wconf 72' lang='lat' dir='ltr'><strong>appannisse.</strong></span> 
     </span>
     <span class='ocr_line' id='line_1_12' title="bbox 16 1338 1306 1427; baseline 0 -21"><span class='ocrx_word' id='word_1_91' title='bbox 16 1347 19 1358; x_wconf 83' lang='lat'><strong>‘</strong></span> <span class='ocrx_word' id='word_1_92' title='bbox 103 1339 229 1406; x_wconf 83' lang='lat' dir='ltr'><strong>Etenim</strong></span> <span class='ocrx_word' id='word_1_93' title='bbox 252 1338 456 1427; x_wconf 85' lang='lat' dir='ltr'><strong>apparitionis</strong></span> <span class='ocrx_word' id='word_1_94' title='bbox 475 1339 604 1405; x_wconf 78' lang='lat' dir='ltr'><strong>verbum</strong></span> <span class='ocrx_word' id='word_1_95' title='bbox 629 1340 667 1404; x_wconf 95' lang='lat' dir='ltr'><strong>de</strong></span> <span class='ocrx_word' id='word_1_96' title='bbox 687 1339 774 1405; x_wconf 89' lang='lat' dir='ltr'><strong>nulla</strong></span> <span class='ocrx_word' id='word_1_97' title='bbox 799 1360 832 1404; x_wconf 88' lang='lat' dir='ltr'><strong>rs</strong></span> <span class='ocrx_word' id='word_1_98' title='bbox 853 1339 954 1406; x_wconf 89' lang='lat' dir='ltr'><strong>dicere</strong></span> <span class='ocrx_word' id='word_1_99' title='bbox 974 1339 1126 1418; x_wconf 83' lang='lat' dir='ltr'><strong>convenit,</strong></span> <span class='ocrx_word' id='word_1_100' title='bbox 1145 1340 1205 1405; x_wconf 88' lang='lat' dir='ltr'><strong>nisi</strong></span> <span class='ocrx_word' id='word_1_101' title='bbox 1225 1361 1306 1426; x_wconf 88' lang='lat' dir='ltr'><strong>quse</strong></span> 
     </span>
     <span class='ocr_line' id='line_1_13' title="bbox 13 1429 1306 1528; baseline -0.001 -19"><span class='ocrx_word' id='word_1_102' title='bbox 13 1431 19 1454; x_wconf 64' lang='lat'><em>⁵</em></span> <span class='ocrx_word' id='word_1_103' title='bbox 68 1429 74 1444; x_wconf 60' lang='lat'><em>⁶</em></span> <span class='ocrx_word' id='word_1_104' title='bbox 102 1443 151 1509; x_wconf 93' lang='lat' dir='ltr'><strong>sui</strong></span> <span class='ocrx_word' id='word_1_105' title='bbox 172 1447 284 1508; x_wconf 88' lang='lat' dir='ltr'><strong>natura</strong></span> <span class='ocrx_word' id='word_1_106' title='bbox 304 1439 468 1507; x_wconf 86' lang='lat' dir='ltr'><strong>invisibilis</strong></span> <span class='ocrx_word' id='word_1_107' title='bbox 489 1444 522 1506; x_wconf 92' lang='lat' dir='ltr'><strong>et</strong></span> <span class='ocrx_word' id='word_1_108' title='bbox 541 1440 739 1526; x_wconf 88' lang='lat' dir='ltr'><strong>inpalpnbilis</strong></span> <span class='ocrx_word' id='word_1_109' title='bbox 760 1445 815 1508; x_wconf 79' lang='lat' dir='ltr'><strong>est</strong></span> <span class='ocrx_word' id='word_1_110' title='bbox 857 1439 909 1508; x_wconf 88' lang='lat' dir='ltr'><strong>Sic</strong></span> <span class='ocrx_word' id='word_1_111' title='bbox 929 1440 1011 1506; x_wconf 90' lang='lat' dir='ltr'><strong>enim</strong></span> <span class='ocrx_word' id='word_1_112' title='bbox 1032 1441 1071 1508; x_wconf 94' lang='lat' dir='ltr'><strong>de</strong></span> <span class='ocrx_word' id='word_1_113' title='bbox 1084 1441 1204 1528; x_wconf 79' lang='lat' dir='ltr'><strong>angelis</strong></span> <span class='ocrx_word' id='word_1_114' title='bbox 1216 1443 1306 1526; x_wconf 88' lang='lat' dir='ltr'><strong>loqui</strong></span> 
     </span>
     <span class='ocr_line' id='line_1_14' title="bbox 102 1541 1307 1629; baseline 0 -19"><span class='ocrx_word' id='word_1_115' title='bbox 102 1545 244 1624; x_wconf 83' lang='lat' dir='ltr'><strong>solemus,</strong></span> <span class='ocrx_word' id='word_1_116' title='bbox 272 1543 328 1627; x_wconf 93' lang='lat' dir='ltr'><strong>qui</strong></span> <span class='ocrx_word' id='word_1_117' title='bbox 354 1543 403 1608; x_wconf 87' lang='lat' dir='ltr'><strong>sui</strong></span> <span class='ocrx_word' id='word_1_118' title='bbox 430 1547 542 1608; x_wconf 83' lang='lat' dir='ltr'><strong>ustura</strong></span> <span class='ocrx_word' id='word_1_119' title='bbox 561 1543 652 1610; x_wconf 91' lang='lat' dir='ltr'><strong>nobis</strong></span> <span class='ocrx_word' id='word_1_120' title='bbox 679 1541 848 1626; x_wconf 74' lang='lat' dir='ltr'><strong>invisibiles</strong></span> <span class='ocrx_word' id='word_1_121' title='bbox 877 1548 958 1622; x_wconf 72' lang='lat' dir='ltr'><strong>sunt,</strong></span> <span class='ocrx_word' id='word_1_122' title='bbox 988 1543 1048 1609; x_wconf 93' lang='lat' dir='ltr'><strong>nisi</strong></span> <span class='ocrx_word' id='word_1_123' title='bbox 1068 1542 1130 1629; x_wconf 89' lang='lat' dir='ltr'><strong>ipsi</strong></span> <span class='ocrx_word' id='word_1_124' title='bbox 1150 1545 1307 1610; x_wconf 86' lang='lat' dir='ltr'><strong>volueriut</strong></span> 
     </span>
     <span class='ocr_line' id='line_1_15' title="bbox 102 1643 1305 1732; baseline 0.001 -19"><span class='ocrx_word' id='word_1_125' title='bbox 102 1667 258 1732; x_wconf 87' lang='lat' dir='ltr'><strong>apparere.</strong></span> <span class='ocrx_word' id='word_1_126' title='bbox 300 1643 457 1730; x_wconf 82' lang='lat' dir='ltr'><strong>Apparuit</strong></span> <span class='ocrx_word' id='word_1_127' title='bbox 477 1644 642 1710; x_wconf 82' lang='lat' dir='ltr'><strong>Zachariae</strong></span> <span class='ocrx_word' id='word_1_128' title='bbox 668 1646 810 1732; x_wconf 68' lang='lat' dir='ltr'><strong>angelum</strong></span> <span class='ocrx_word' id='word_1_129' title='bbox 835 1649 867 1711; x_wconf 88' lang='lat' dir='ltr'><strong>et</strong></span> <span class='ocrx_word' id='word_1_130' title='bbox 891 1645 991 1711; x_wconf 88' lang='lat' dir='ltr'><strong>multa</strong></span> <span class='ocrx_word' id='word_1_131' title='bbox 1015 1645 1048 1711; x_wconf 90' lang='lat' dir='ltr'><strong>in</strong></span> <span class='ocrx_word' id='word_1_132' title='bbox 1068 1645 1152 1711; x_wconf 89' lang='lat' dir='ltr'><strong>bunc</strong></span> <span class='ocrx_word' id='word_1_133' title='bbox 1172 1647 1305 1714; x_wconf 91' lang='lat' dir='ltr'><strong>modum.</strong></span> 
     </span>
     <span class='ocr_line' id='line_1_16' title="bbox 82 1746 1304 1834; baseline 0 -20"><span class='ocrx_word' id='word_1_134' title='bbox 82 1747 173 1815; x_wconf 85' lang='lat' dir='ltr'><strong>-Hoc</strong></span> <span class='ocrx_word' id='word_1_135' title='bbox 193 1769 268 1834; x_wconf 79' lang='lat' dir='ltr'><strong>ergo</strong></span> <span class='ocrx_word' id='word_1_136' title='bbox 290 1750 322 1812; x_wconf 91' lang='lat' dir='ltr'><strong>et</strong></span> <span class='ocrx_word' id='word_1_137' title='bbox 342 1746 380 1813; x_wconf 88' lang='lat' dir='ltr'><strong>de</strong></span> <span class='ocrx_word' id='word_1_138' title='bbox 392 1746 558 1813; x_wconf 87' lang='lat' dir='ltr'><strong>Dominico</strong></span> <span class='ocrx_word' id='word_1_139' title='bbox 580 1767 708 1831; x_wconf 87' lang='lat' dir='ltr'><strong>corpore</strong></span> <span class='ocrx_word' id='word_1_140' title='bbox 727 1747 921 1812; x_wconf 87' lang='lat' dir='ltr'><strong>sentiendum</strong></span> <span class='ocrx_word' id='word_1_141' title='bbox 942 1747 1122 1834; x_wconf 79' lang='lat' dir='ltr'><strong>evangelion</strong></span> <span class='ocrx_word' id='word_1_142' title='bbox 1141 1747 1234 1813; x_wconf 89' lang='lat' dir='ltr'><strong>lectio</strong></span> <span class='ocrx_word' id='word_1_143' title='bbox 1246 1766 1304 1814; x_wconf 85' lang='lat' dir='ltr'><strong>nos</strong></span> 
     </span>
     <span class='ocr_line' id='line_1_17' title="bbox 103 1848 1305 1935; baseline 0 -19"><span class='ocrx_word' id='word_1_144' title='bbox 103 1851 217 1930; x_wconf 73' lang='lat' dir='ltr'><strong>edocet</strong></span> <span class='ocrx_word' id='word_1_145' title='bbox 237 1849 330 1916; x_wconf 88' lang='lat' dir='ltr'><strong>toties</strong></span> <span class='ocrx_word' id='word_1_146' title='bbox 352 1871 423 1915; x_wconf 87' lang='lat' dir='ltr'><strong>eum</strong></span> <span class='ocrx_word' id='word_1_147' title='bbox 443 1848 547 1930; x_wconf 88' lang='lat' dir='ltr'><strong>dicens</strong></span> <span class='ocrx_word' id='word_1_148' title='bbox 565 1848 723 1934; x_wconf 78' lang='lat' dir='ltr'><strong>discipulis</strong></span> <span class='ocrx_word' id='word_1_149' title='bbox 743 1850 921 1935; x_wconf 76' lang='lat' dir='ltr'><strong>apparuisse</strong></span> <span class='ocrx_word' id='word_1_150' title='bbox 942 1848 1086 1934; x_wconf 79' lang='lat' dir='ltr'><strong>itemque,</strong></span> <span class='ocrx_word' id='word_1_151' title='bbox 1106 1871 1176 1916; x_wconf 90' lang='lat' dir='ltr'><strong>cnm</strong></span> <span class='ocrx_word' id='word_1_152' title='bbox 1196 1851 1305 1930; x_wconf 85' lang='lat' dir='ltr'><strong>voluit,</strong></span> 
     </span>
     <span class='ocr_line' id='line_1_18' title="bbox 102 1949 1314 2019; baseline 0 -1"><span class='ocrx_word' id='word_1_153' title='bbox 102 1952 141 2018; x_wconf 90' lang='lat' dir='ltr'><strong>ab</strong></span> <span class='ocrx_word' id='word_1_154' title='bbox 163 1951 267 2018; x_wconf 90' lang='lat' dir='ltr'><strong>oculis.</strong></span> <span class='ocrx_word' id='word_1_155' title='bbox 281 1972 387 2017; x_wconf 89' lang='lat' dir='ltr'><strong>eorum</strong></span> <span class='ocrx_word' id='word_1_156' title='bbox 409 1949 575 2018; x_wconf 74' lang='lat' dir='ltr'><strong>evanuisse.</strong></span> <span class='ocrx_word' id='word_1_157' title='bbox 616 1950 662 2017; x_wconf 82' lang='lat' dir='ltr'><strong>At</strong></span> <span class='ocrx_word' id='word_1_158' title='bbox 686 1951 713 2016; x_wconf 89' lang='lat' dir='ltr'><strong>si</strong></span> <span class='ocrx_word' id='word_1_159' title='bbox 740 1957 846 2018; x_wconf 68' lang='lat' dir='ltr'><strong>aestu</strong></span> <span class='ocrx_word' id='word_1_160' title='bbox 870 1952 925 2018; x_wconf 94' lang='lat' dir='ltr'><strong>ille</strong></span> <span class='ocrx_word' id='word_1_161' title='bbox 945 1949 1187 2018; x_wconf 76' lang='lat' dir='ltr'><strong>Follis-amarus</strong></span> <span class='ocrx_word' id='word_1_162' title='bbox 1207 1952 1314 2019; x_wconf 78' lang='lat' dir='ltr'><strong>credit&#39;</strong></span> 
     </span>
     <span class='ocr_line' id='line_1_19' title="bbox 101 2053 1304 2141; baseline -0.001 -20"><span class='ocrx_word' id='word_1_163' title='bbox 101 2053 299 2121; x_wconf 89' lang='lat' dir='ltr'><strong>Donrinicum</strong></span> <span class='ocrx_word' id='word_1_164' title='bbox 319 2076 431 2140; x_wconf 91' lang='lat' dir='ltr'><strong>corpus</strong></span> <span class='ocrx_word' id='word_1_165' title='bbox 451 2074 537 2119; x_wconf 91' lang='lat' dir='ltr'><strong>more</strong></span> <span class='ocrx_word' id='word_1_166' title='bbox 557 2058 733 2119; x_wconf 90' lang='lat' dir='ltr'><strong>nostrorum</strong></span> <span class='ocrx_word' id='word_1_167' title='bbox 758 2075 922 2140; x_wconf 90' lang='lat' dir='ltr'><strong>corporum</strong></span> <span class='ocrx_word' id='word_1_168' title='bbox 942 2054 1114 2122; x_wconf 85' lang='lat' dir='ltr'><strong>necessario</strong></span> <span class='ocrx_word' id='word_1_169' title='bbox 1138 2054 1304 2141; x_wconf 69' lang='lat' dir='ltr'><strong>palpabile,</strong></span> 
     </span>
     <span class='ocr_line' id='line_1_20' title="bbox 15 2155 1303 2244; baseline 0 -22"><span class='ocrx_word' id='word_1_170' title='bbox 15 2175 16 2204; x_wconf 60' lang='lat' dir='ltr'><strong>l</strong></span> <span class='ocrx_word' id='word_1_171' title='bbox 101 2156 184 2223; x_wconf 86' lang='lat' dir='ltr'><strong>diost</strong></span> <span class='ocrx_word' id='word_1_172' title='bbox 198 2177 332 2242; x_wconf 71' lang='lat' dir='ltr'><strong>quoque,</strong></span> <span class='ocrx_word' id='word_1_173' title='bbox 352 2160 527 2222; x_wconf 89' lang='lat' dir='ltr'><strong>nostrorum</strong></span> <span class='ocrx_word' id='word_1_174' title='bbox 546 2176 633 2221; x_wconf 87' lang='lat' dir='ltr'><strong>mors</strong></span> <span class='ocrx_word' id='word_1_175' title='bbox 647 2176 811 2241; x_wconf 90' lang='lat' dir='ltr'><strong>corporum</strong></span> <span class='ocrx_word' id='word_1_176' title='bbox 823 2155 963 2222; x_wconf 91' lang='lat' dir='ltr'><strong>ciborum</strong></span> <span class='ocrx_word' id='word_1_177' title='bbox 980 2157 1190 2224; x_wconf 86' lang='lat' dir='ltr'><strong>sustentaculo</strong></span> <span class='ocrx_word' id='word_1_178' title='bbox 1204 2179 1303 2244; x_wconf 81' lang='lat' dir='ltr'><strong>egere,</strong></span> 
     </span>
     <span class='ocr_line' id='line_1_21' title="bbox 16 2253 1303 2344; baseline -0.001 -19"><span class='ocrx_word' id='word_1_179' title='bbox 16 2253 19 2336; x_wconf 63' lang='grc' dir='ltr'>ζ</span> <span class='ocrx_word' id='word_1_180' title='bbox 101 2260 207 2326; x_wconf 91' lang='lat' dir='ltr'><strong>clausa</strong></span> <span class='ocrx_word' id='word_1_181' title='bbox 233 2281 393 2325; x_wconf 91' lang='lat' dir='ltr'><strong>murorum</strong></span> <span class='ocrx_word' id='word_1_182' title='bbox 420 2257 581 2324; x_wconf 88' lang='lat' dir='ltr'><strong>obstacula</strong></span> <span class='ocrx_word' id='word_1_183' title='bbox 612 2262 773 2344; x_wconf 79' lang='lat' dir='ltr'><strong>penetrare</strong></span> <span class='ocrx_word' id='word_1_184' title='bbox 794 2278 857 2323; x_wconf 90' lang='lat' dir='ltr'><strong>non</strong></span> <span class='ocrx_word' id='word_1_185' title='bbox 887 2277 984 2343; x_wconf 91' lang='lat' dir='ltr'><strong>posse.</strong></span> <span class='ocrx_word' id='word_1_186' title='bbox 1026 2255 1071 2324; x_wconf 86' lang='lat' dir='ltr'><strong>At</strong></span> <span class='ocrx_word' id='word_1_187' title='bbox 1090 2279 1148 2324; x_wconf 91' lang='lat' dir='ltr'><strong>nos</strong></span> <span class='ocrx_word' id='word_1_188' title='bbox 1167 2259 1244 2326; x_wconf 89' lang='lat' dir='ltr'><strong>illud</strong></span> <span class='ocrx_word' id='word_1_189' title='bbox 1264 2259 1303 2325; x_wconf 90' lang='lat' dir='ltr'><strong>de</strong></span> 
     </span>
     <span class='ocr_line' id='line_1_22' title="bbox 17 2349 1303 2448; baseline 0 -20"><span class='ocrx_word' id='word_1_190' title='bbox 17 2349 18 2354; x_wconf 8' lang='grc' dir='ltr'>ἵ</span> <span class='ocrx_word' id='word_1_191' title='bbox 100 2362 236 2432; x_wconf 91' lang='lat' dir='ltr'><strong>Domino</strong></span> <span class='ocrx_word' id='word_1_192' title='bbox 257 2367 364 2428; x_wconf 89' lang='lat' dir='ltr'><strong>nostro</strong></span> <span class='ocrx_word' id='word_1_193' title='bbox 378 2361 453 2427; x_wconf 86' lang='lat' dir='ltr'><strong>Jesu</strong></span> <span class='ocrx_word' id='word_1_194' title='bbox 468 2359 590 2426; x_wconf 78' lang='lat' dir='ltr'><strong>Christo</strong></span> <span class='ocrx_word' id='word_1_195' title='bbox 611 2383 631 2425; x_wconf 82' lang='lat' dir='ltr'><strong>s</strong></span> <span class='ocrx_word' id='word_1_196' title='bbox 652 2359 782 2426; x_wconf 82' lang='lat' dir='ltr'><strong>mortuis</strong></span> <span class='ocrx_word' id='word_1_197' title='bbox 802 2364 981 2446; x_wconf 77' lang='lat' dir='ltr'><strong>resurgente</strong></span> <span class='ocrx_word' id='word_1_198' title='bbox 1002 2359 1144 2447; x_wconf 82' lang='lat' dir='ltr'><strong>legimus,</strong></span> <span class='ocrx_word' id='word_1_199' title='bbox 1163 2363 1303 2448; x_wconf 81' lang='lat' dir='ltr'><strong>legentes</strong></span> 
     </span>
     <span class='ocr_line' id='line_1_23' title="bbox 100 2461 1302 2548; baseline 0.002 -20"><span class='ocrx_word' id='word_1_200' title='bbox 100 2465 259 2545; x_wconf 80' lang='lat' dir='ltr'><strong>credimus,</strong></span> <span class='ocrx_word' id='word_1_201' title='bbox 279 2464 364 2548; x_wconf 89' lang='lat' dir='ltr'><strong>quod</strong></span> <span class='ocrx_word' id='word_1_202' title='bbox 384 2464 424 2529; x_wconf 86' lang='lat' dir='ltr'><strong>ad</strong></span> <span class='ocrx_word' id='word_1_203' title='bbox 445 2462 610 2547; x_wconf 86' lang='lat' dir='ltr'><strong>discipulos</strong></span> <span class='ocrx_word' id='word_1_204' title='bbox 632 2461 736 2546; x_wconf 85' lang='lat' dir='ltr'><strong>januis</strong></span> <span class='ocrx_word' id='word_1_205' title='bbox 757 2462 868 2528; x_wconf 89' lang='lat' dir='ltr'><strong>clausis</strong></span> <span class='ocrx_word' id='word_1_206' title='bbox 888 2462 1052 2542; x_wconf 72' lang='lat' dir='ltr'><strong>introierit</strong></span> <span class='ocrx_word' id='word_1_207' title='bbox 1078 2469 1172 2548; x_wconf 88' lang='lat' dir='ltr'><strong>atque</strong></span> <span class='ocrx_word' id='word_1_208' title='bbox 1196 2464 1237 2530; x_wconf 89' lang='lat' dir='ltr'><strong>ab</strong></span> <span class='ocrx_word' id='word_1_209' title='bbox 1257 2464 1302 2531; x_wconf 89' lang='lat' dir='ltr'><strong>eis</strong></span> 
     </span>
     <span class='ocr_line' id='line_1_24' title="bbox 99 2564 1301 2653; baseline -0.001 -21"><span class='ocrx_word' id='word_1_210' title='bbox 99 2567 244 2653; x_wconf 74' lang='lat' dir='ltr'><strong>palpatus</strong></span> <span class='ocrx_word' id='word_1_211' title='bbox 266 2571 298 2633; x_wconf 88' lang='lat' dir='ltr'><strong>et</strong></span> <span class='ocrx_word' id='word_1_212' title='bbox 318 2566 402 2632; x_wconf 83' lang='lat' dir='ltr'><strong>visus</strong></span> <span class='ocrx_word' id='word_1_213' title='bbox 430 2566 479 2646; x_wconf 77' lang='lat' dir='ltr'><strong>sit</strong></span> <span class='ocrx_word' id='word_1_214' title='bbox 508 2587 571 2632; x_wconf 90' lang='lat' dir='ltr'><strong>non</strong></span> <span class='ocrx_word' id='word_1_215' title='bbox 592 2565 681 2649; x_wconf 86' lang='lat' dir='ltr'><strong>quasi</strong></span> <span class='ocrx_word' id='word_1_216' title='bbox 710 2587 748 2632; x_wconf 85' lang='lat' dir='ltr'><strong>ex</strong></span> <span class='ocrx_word' id='word_1_217' title='bbox 772 2564 943 2632; x_wconf 78' lang='lat' dir='ltr'><strong>videntium</strong></span> <span class='ocrx_word' id='word_1_218' title='bbox 963 2570 997 2631; x_wconf 87' lang='lat' dir='ltr'><strong>et</strong></span> <span class='ocrx_word' id='word_1_219' title='bbox 1022 2565 1218 2650; x_wconf 82' lang='lat' dir='ltr'><strong>palpantium</strong></span> <span class='ocrx_word' id='word_1_220' title='bbox 1245 2585 1301 2651; x_wconf 86' lang='lat' dir='ltr'><strong>po-</strong></span> 
     </span>
     <span class='ocr_line' id='line_1_25' title="bbox 99 2666 1301 2752; baseline -0.002 -17"><span class='ocrx_word' id='word_1_221' title='bbox 99 2671 219 2749; x_wconf 65' lang='lat' dir='ltr'><strong>testate,</strong></span> <span class='ocrx_word' id='word_1_222' title='bbox 250 2669 303 2734; x_wconf 91' lang='lat' dir='ltr'><strong>sed</strong></span> <span class='ocrx_word' id='word_1_223' title='bbox 331 2668 509 2752; x_wconf 88' lang='lat' dir='ltr'><strong>apparentis</strong></span> <span class='ocrx_word' id='word_1_224' title='bbox 540 2667 708 2734; x_wconf 84' lang='lat' dir='ltr'><strong>voluntate.</strong></span> <span class='ocrx_word' id='word_1_225' title='bbox 759 2666 857 2750; x_wconf 87' lang='lat' dir='ltr'><strong>quue</strong></span> <span class='ocrx_word' id='word_1_226' title='bbox 879 2689 922 2745; x_wconf 87' lang='lat' dir='ltr'><strong>eo</strong></span> <span class='ocrx_word' id='word_1_227' title='bbox 954 2667 1056 2733; x_wconf 90' lang='lat' dir='ltr'><strong>minus</strong></span> <span class='ocrx_word' id='word_1_228' title='bbox 1071 2693 1073 2698; x_wconf 94' lang='lat'>·</span> <span class='ocrx_word' id='word_1_229' title='bbox 1086 2667 1237 2733; x_wconf 75' lang='lat' dir='ltr'><strong>mirarum</strong></span> <span class='ocrx_word' id='word_1_230' title='bbox 1266 2667 1301 2733; x_wconf 89' lang='lat' dir='ltr'><strong>in</strong></span> 
     </span>
     <span class='ocr_line' id='line_1_26' title="bbox 20 2768 1300 2853; baseline 0.001 -18"><span class='ocrx_word' id='word_1_231' title='bbox 20 2819 22 2822; x_wconf 85' lang='lat'>-</span> <span class='ocrx_word' id='word_1_232' title='bbox 99 2769 234 2837; x_wconf 90' lang='lat' dir='ltr'><strong>Domino</strong></span> <span class='ocrx_word' id='word_1_233' title='bbox 257 2769 333 2835; x_wconf 83' lang='lat' dir='ltr'><strong>lesu</strong></span> <span class='ocrx_word' id='word_1_234' title='bbox 360 2769 426 2853; x_wconf 80' lang='lat' dir='ltr'><strong>jum</strong></span> <span class='ocrx_word' id='word_1_235' title='bbox 457 2769 625 2834; x_wconf 89' lang='lat' dir='ltr'><strong>immortali</strong></span> <span class='ocrx_word' id='word_1_236' title='bbox 655 2768 751 2848; x_wconf 80' lang='lat' dir='ltr'><strong>lacto,</strong></span> <span class='ocrx_word' id='word_1_237' title='bbox 783 2768 932 2853; x_wconf 90' lang='lat' dir='ltr'><strong>quoniam</strong></span> <span class='ocrx_word' id='word_1_238' title='bbox 964 2773 996 2834; x_wconf 87' lang='lat' dir='ltr'><strong>st</strong></span> <span class='ocrx_word' id='word_1_239' title='bbox 1027 2768 1127 2835; x_wconf 86' lang='lat' dir='ltr'><strong>adhuc</strong></span> <span class='ocrx_word' id='word_1_240' title='bbox 1158 2769 1300 2836; x_wconf 84' lang='lat' dir='ltr'><strong>mortalis</strong></span> 
     </span>
     <span class='ocr_line' id='line_1_27' title="bbox 17 2869 1300 2962; baseline 0.002 -26"><span class='ocrx_word' id='word_1_241' title='bbox 17 2943 18 2946; x_wconf 8' lang='grc' dir='ltr'><strong>Ἴ</strong></span> <span class='ocrx_word' id='word_1_242' title='bbox 99 2871 212 2938; x_wconf 88' lang='lat' dir='ltr'><strong>clausis</strong></span> <span class='ocrx_word' id='word_1_243' title='bbox 239 2869 444 2962; x_wconf 74' lang='lat' dir='ltr'><strong>virginalibus</strong></span> <span class='ocrx_word' id='word_1_244' title='bbox 471 2869 578 2936; x_wconf 90' lang='lat' dir='ltr'><strong>matris</strong></span> <span class='ocrx_word' id='word_1_245' title='bbox 606 2870 640 2936; x_wconf 91' lang='lat' dir='ltr'><strong>iu</strong></span> <span class='ocrx_word' id='word_1_246' title='bbox 667 2869 750 2936; x_wconf 90' lang='lat' dir='ltr'><strong>hunc</strong></span> <span class='ocrx_word' id='word_1_247' title='bbox 776 2871 927 2936; x_wconf 89' lang='lat' dir='ltr'><strong>mundum</strong></span> <span class='ocrx_word' id='word_1_248' title='bbox 953 2869 1108 2958; x_wconf 79' lang='lat' dir='ltr'><strong>ingressus</strong></span> <span class='ocrx_word' id='word_1_249' title='bbox 1134 2876 1189 2952; x_wconf 56' lang='lat' dir='ltr'><strong>est,</strong></span> <span class='ocrx_word' id='word_1_250' title='bbox 1219 2871 1300 2938; x_wconf 89' lang='lat' dir='ltr'><strong>sicut</strong></span> 
     </span>
     <span class='ocr_line' id='line_1_28' title="bbox 19 2971 1298 3068; baseline 0.002 -30"><span class='ocrx_word' id='word_1_251' title='bbox 19 3035 22 3068; x_wconf 72' lang='lat'><strong>·.</strong></span> <span class='ocrx_word' id='word_1_252' title='bbox 87 2973 204 3038; x_wconf 80' lang='lat' dir='ltr'><strong>clauso</strong></span> <span class='ocrx_word' id='word_1_253' title='bbox 225 2994 351 3058; x_wconf 91' lang='lat' dir='ltr'><strong>quoque</strong></span> <span class='ocrx_word' id='word_1_254' title='bbox 376 2973 517 3058; x_wconf 85' lang='lat' dir='ltr'><strong>sepulcro</strong></span> <span class='ocrx_word' id='word_1_255' title='bbox 539 2973 577 3038; x_wconf 90' lang='lat' dir='ltr'><strong>de</strong></span> <span class='ocrx_word' id='word_1_256' title='bbox 602 2971 797 3038; x_wconf 84' lang='lat' dir='ltr'><strong>boemundo</strong></span> <span class='ocrx_word' id='word_1_257' title='bbox 818 2971 952 3058; x_wconf 79' lang='lat' dir='ltr'><strong>legimns</strong></span> <span class='ocrx_word' id='word_1_258' title='bbox 973 2975 1006 3038; x_wconf 87' lang='lat' dir='ltr'><strong>et</strong></span> <span class='ocrx_word' id='word_1_259' title='bbox 1025 2972 1177 3040; x_wconf 87' lang='lat' dir='ltr'><strong>credimus</strong></span> <span class='ocrx_word' id='word_1_260' title='bbox 1197 2995 1298 3060; x_wconf 80' lang='lat' dir='ltr'><strong>egres-</strong></span> 
     </span>
     <span class='ocr_line' id='line_1_29' title="bbox 17 3073 1354 3170; baseline -0.004 -26"><span class='ocrx_word' id='word_1_261' title='bbox 17 3089 21 3170; x_wconf 66' lang='lat'>}</span> <span class='ocrx_word' id='word_1_262' title='bbox 97 3097 176 3144; x_wconf 78' lang='lat' dir='ltr'><strong>eum.</strong></span> <span class='ocrx_word' id='word_1_263' title='bbox 217 3073 286 3144; x_wconf 85' lang='lat' dir='ltr'><strong>Neo</strong></span> <span class='ocrx_word' id='word_1_264' title='bbox 313 3079 418 3143; x_wconf 86' lang='lat' dir='ltr'><strong>tamen</strong></span> <span class='ocrx_word' id='word_1_265' title='bbox 438 3075 505 3163; x_wconf 87' lang='lat' dir='ltr'><strong>ejus</strong></span> <span class='ocrx_word' id='word_1_266' title='bbox 533 3095 643 3162; x_wconf 89' lang='lat' dir='ltr'><strong>corpus</strong></span> <span class='ocrx_word' id='word_1_267' title='bbox 668 3073 865 3142; x_wconf 74' lang='lat' dir='ltr'><strong>aestimamus</strong></span> <span class='ocrx_word' id='word_1_268' title='bbox 886 3080 941 3143; x_wconf 88' lang='lat' dir='ltr'><strong>aut</strong></span> <span class='ocrx_word' id='word_1_269' title='bbox 968 3079 1043 3143; x_wconf 85' lang='lat' dir='ltr'><strong>tunc</strong></span> <span class='ocrx_word' id='word_1_270' title='bbox 1070 3075 1298 3163; x_wconf 86' lang='lat' dir='ltr'><strong>phantasticum</strong></span> <span class='ocrx_word' id='word_1_271' title='bbox 1350 3131 1354 3139; x_wconf 96' lang='lat'><strong>.</strong></span> 
     </span>
     <span class='ocr_line' id='line_1_30' title="bbox 20 3169 1297 3269; baseline 0.002 -23"><span class='ocrx_word' id='word_1_272' title='bbox 20 3169 21 3254; x_wconf 42' lang='lat'><em>3</em></span> <span class='ocrx_word' id='word_1_273' title='bbox 98 3178 236 3247; x_wconf 73' lang='lat' dir='ltr'><strong>extitisse</strong></span> <span class='ocrx_word' id='word_1_274' title='bbox 279 3184 333 3247; x_wconf 87' lang='lat' dir='ltr'><strong>sut</strong></span> <span class='ocrx_word' id='word_1_275' title='bbox 364 3179 457 3247; x_wconf 90' lang='lat' dir='ltr'><strong>hodie</strong></span> <span class='ocrx_word' id='word_1_276' title='bbox 488 3178 522 3246; x_wconf 91' lang='lat' dir='ltr'><strong>in</strong></span> <span class='ocrx_word' id='word_1_277' title='bbox 556 3177 790 3246; x_wconf 88' lang='lat' dir='ltr'><strong>immortalitate</strong></span> <span class='ocrx_word' id='word_1_278' title='bbox 820 3179 921 3246; x_wconf 85' lang='lat' dir='ltr'><strong>ventis</strong></span> <span class='ocrx_word' id='word_1_279' title='bbox 954 3180 1122 3269; x_wconf 69' lang='lat' dir='ltr'><strong>adsequefl</strong></span> <span class='ocrx_word' id='word_1_280' title='bbox 1153 3180 1297 3248; x_wconf 89' lang='lat' dir='ltr'><strong>subtilius</strong></span> 
     </span>
     <span class='ocr_line' id='line_1_31' title="bbox 13 3282 1297 3371; baseline -0.001 -17"><span class='ocrx_word' id='word_1_281' title='bbox 13 3311 20 3370; x_wconf 52' lang='grc' dir='ltr'><em>ς</em></span> <span class='ocrx_word' id='word_1_282' title='bbox 97 3283 236 3366; x_wconf 86' lang='lat' dir='ltr'><strong>existere,</strong></span> <span class='ocrx_word' id='word_1_283' title='bbox 270 3283 413 3352; x_wconf 87' lang='lat' dir='ltr'><strong>haeresin</strong></span> <span class='ocrx_word' id='word_1_284' title='bbox 449 3283 529 3351; x_wconf 84' lang='lat' dir='ltr'><strong>hanc</strong></span> <span class='ocrx_word' id='word_1_285' title='bbox 557 3283 748 3350; x_wconf 83' lang='lat' dir='ltr'><strong>llsnichseis</strong></span> <span class='ocrx_word' id='word_1_286' title='bbox 783 3287 816 3350; x_wconf 87' lang='lat' dir='ltr'><strong>et</strong></span> <span class='ocrx_word' id='word_1_287' title='bbox 841 3282 1045 3370; x_wconf 79' lang='lat' dir='ltr'><strong>Eutychianis</strong></span> <span class='ocrx_word' id='word_1_288' title='bbox 1079 3283 1297 3371; x_wconf 87' lang='lat' dir='ltr'><strong>relinquentes.</strong></span> 
     </span>
     <span class='ocr_line' id='line_1_32' title="bbox 17 3371 1296 3475; baseline -0.002 -19.008"><span class='ocrx_word' id='word_1_289' title='bbox 17 3371 20 3384; x_wconf 40' lang='lat'><strong><em>¹</em></strong></span> <span class='ocrx_word' id='word_1_290' title='bbox 96 3387 207 3474; x_wconf 83' lang='lat' dir='ltr'><strong>Neque</strong></span> <span class='ocrx_word' id='word_1_291' title='bbox 227 3410 300 3455; x_wconf 87' lang='lat' dir='ltr'><strong>vero</strong></span> <span class='ocrx_word' id='word_1_292' title='bbox 321 3389 510 3474; x_wconf 74' lang='lat' dir='ltr'><strong>comparatio</strong></span> <span class='ocrx_word' id='word_1_293' title='bbox 530 3387 604 3455; x_wconf 91' lang='lat' dir='ltr'><strong>talis</strong></span> <span class='ocrx_word' id='word_1_294' title='bbox 623 3388 734 3473; x_wconf 75' lang='lat' dir='ltr'><strong>placet</strong></span> <span class='ocrx_word' id='word_1_295' title='bbox 759 3387 841 3454; x_wconf 83' lang='lat' dir='ltr'><strong>sicut</strong></span> <span class='ocrx_word' id='word_1_296' title='bbox 859 3386 1067 3475; x_wconf 79' lang='lat' dir='ltr'><strong>B.(iregorio</strong></span> <span class='ocrx_word' id='word_1_297' title='bbox 1086 3393 1171 3454; x_wconf 89' lang='lat' dir='ltr'><strong>recte</strong></span> <span class='ocrx_word' id='word_1_298' title='bbox 1191 3385 1296 3473; x_wconf 91' lang='lat' dir='ltr'><strong>displi-</strong></span> 
     </span>
     <span class='ocr_line' id='line_1_33' title="bbox 11 3489 1295 3575; baseline 0 -19"><span class='ocrx_word' id='word_1_299' title='bbox 11 3495 16 3522; x_wconf 74' lang='lat'><em>¹</em></span> <span class='ocrx_word' id='word_1_300' title='bbox 96 3491 169 3572; x_wconf 68' lang='lat' dir='ltr'><strong>cuit,</strong></span> <span class='ocrx_word' id='word_1_301' title='bbox 189 3495 225 3558; x_wconf 89' lang='lat' dir='ltr'><strong>ut</strong></span> <span class='ocrx_word' id='word_1_302' title='bbox 244 3491 295 3558; x_wconf 84' lang='lat' dir='ltr'><strong>vel</strong></span> <span class='ocrx_word' id='word_1_303' title='bbox 315 3491 455 3558; x_wconf 70' lang='lat' dir='ltr'><strong>soliditas</strong></span> <span class='ocrx_word' id='word_1_304' title='bbox 475 3491 527 3557; x_wconf 88' lang='lat' dir='ltr'><strong>vel</strong></span> <span class='ocrx_word' id='word_1_305' title='bbox 554 3490 710 3556; x_wconf 79' lang='lat' dir='ltr'><strong>subtilitas</strong></span> <span class='ocrx_word' id='word_1_306' title='bbox 731 3489 910 3556; x_wconf 84' lang='lat' dir='ltr'><strong>caelestium</strong></span> <span class='ocrx_word' id='word_1_307' title='bbox 932 3511 1095 3575; x_wconf 87' lang='lat' dir='ltr'><strong>corporum</strong></span> <span class='ocrx_word' id='word_1_308' title='bbox 1115 3489 1148 3556; x_wconf 90' lang='lat' dir='ltr'><strong>in</strong></span> <span class='ocrx_word' id='word_1_309' title='bbox 1169 3489 1295 3556; x_wconf 90' lang='lat' dir='ltr'><strong>immor·</strong></span> 
     </span>
     <span class='ocr_line' id='line_1_34' title="bbox 9 3584 1295 3676; baseline -0.002 -17"><span class='ocrx_word' id='word_1_310' title='bbox 9 3584 12 3599; x_wconf 81' lang='grc'>’</span> <span class='ocrx_word' id='word_1_311' title='bbox 94 3592 216 3660; x_wconf 85' lang='lat' dir='ltr'><strong>talitste</strong></span> <span class='ocrx_word' id='word_1_312' title='bbox 246 3615 317 3660; x_wconf 91' lang='lat' dir='ltr'><strong>cum</strong></span> <span class='ocrx_word' id='word_1_313' title='bbox 345 3591 467 3660; x_wconf 81' lang='lat' dir='ltr'><strong>Christo</strong></span> <span class='ocrx_word' id='word_1_314' title='bbox 496 3591 687 3659; x_wconf 87' lang='lat' dir='ltr'><strong>manentium</strong></span> <span class='ocrx_word' id='word_1_315' title='bbox 717 3595 908 3657; x_wconf 82' lang='lat' dir='ltr'><strong>terrenorum</strong></span> <span class='ocrx_word' id='word_1_316' title='bbox 935 3612 1099 3676; x_wconf 89' lang='lat' dir='ltr'><strong>corporum</strong></span> <span class='ocrx_word' id='word_1_317' title='bbox 1129 3589 1295 3658; x_wconf 79' lang='lat' dir='ltr'><strong>subtilitati</strong></span> 
     </span>
     <span class='ocr_line' id='line_1_35' title="bbox 93 3691 1294 3780; baseline 0 -20"><span class='ocrx_word' id='word_1_318' title='bbox 93 3695 145 3760; x_wconf 89' lang='lat' dir='ltr'><strong>vel</strong></span> <span class='ocrx_word' id='word_1_319' title='bbox 165 3694 315 3761; x_wconf 80' lang='lat' dir='ltr'><strong>soliditati</strong></span> <span class='ocrx_word' id='word_1_320' title='bbox 336 3699 524 3780; x_wconf 77' lang='lat' dir='ltr'><strong>coaequetur</strong></span> <span class='ocrx_word' id='word_1_321' title='bbox 543 3693 595 3761; x_wconf 85' lang='lat' dir='ltr'><strong>vel</strong></span> <span class='ocrx_word' id='word_1_322' title='bbox 616 3693 816 3779; x_wconf 75' lang='lat' dir='ltr'><strong>praeferatur,</strong></span> <span class='ocrx_word' id='word_1_323' title='bbox 841 3714 878 3759; x_wconf 87' lang='lat' dir='ltr'><strong>oo</strong></span> <span class='ocrx_word' id='word_1_324' title='bbox 898 3695 982 3778; x_wconf 90' lang='lat' dir='ltr'><strong>quod</strong></span> <span class='ocrx_word' id='word_1_325' title='bbox 1002 3693 1091 3760; x_wconf 86' lang='lat' dir='ltr'><strong>nulla</strong></span> <span class='ocrx_word' id='word_1_326' title='bbox 1109 3691 1294 3760; x_wconf 87' lang='lat' dir='ltr'><strong>conveniens</strong></span> 
     </span>
     <span class='ocr_line' id='line_1_36' title="bbox 93 3793 1293 3881; baseline -0.002 -19"><span class='ocrx_word' id='word_1_327' title='bbox 93 3794 264 3864; x_wconf 85' lang='lat' dir='ltr'><strong>visibilium</strong></span> <span class='ocrx_word' id='word_1_328' title='bbox 288 3797 327 3864; x_wconf 90' lang='lat' dir='ltr'><strong>ad</strong></span> <span class='ocrx_word' id='word_1_329' title='bbox 354 3795 530 3878; x_wconf 75' lang='lat' dir='ltr'><strong>invisibilia</strong></span> <span class='ocrx_word' id='word_1_330' title='bbox 561 3794 810 3880; x_wconf 85' lang='lat' dir='ltr'><strong>corruptibilium</strong></span> <span class='ocrx_word' id='word_1_331' title='bbox 840 3795 879 3862; x_wconf 90' lang='lat' dir='ltr'><strong>ad</strong></span> <span class='ocrx_word' id='word_1_332' title='bbox 910 3793 1166 3881; x_wconf 73' lang='lat' dir='ltr'><strong>incorruptibilia</strong></span> <span class='ocrx_word' id='word_1_333' title='bbox 1195 3797 1293 3860; x_wconf 70' lang='lat' dir='ltr'><strong>ceter</strong></span> 
     </span>
     <span class='ocr_line' id='line_1_37' title="bbox 91 3895 1293 3988; baseline -0.004 -20"><span class='ocrx_word' id='word_1_334' title='bbox 91 3920 205 3968; x_wconf 87' lang='lat' dir='ltr'><strong>norum</strong></span> <span class='ocrx_word' id='word_1_335' title='bbox 225 3899 265 3966; x_wconf 91' lang='lat' dir='ltr'><strong>ad</strong></span> <span class='ocrx_word' id='word_1_336' title='bbox 285 3899 470 3988; x_wconf 89' lang='lat' dir='ltr'><strong>temporalia</strong></span> <span class='ocrx_word' id='word_1_337' title='bbox 494 3899 683 3984; x_wconf 88' lang='lat' dir='ltr'><strong>comparatio</strong></span> <span class='ocrx_word' id='word_1_338' title='bbox 708 3899 757 3967; x_wconf 82' lang='lat' dir='ltr'><strong>sit</strong></span> <span class='ocrx_word' id='word_1_339' title='bbox 798 3895 919 3984; x_wconf 86' lang='lat' dir='ltr'><strong>Neque·</strong></span> <span class='ocrx_word' id='word_1_340' title='bbox 931 3898 1013 3965; x_wconf 86' lang='lat' dir='ltr'><strong>eninr</strong></span> <span class='ocrx_word' id='word_1_341' title='bbox 1033 3897 1162 3965; x_wconf 90' lang='lat' dir='ltr'><strong>Domini</strong></span> <span class='ocrx_word' id='word_1_342' title='bbox 1181 3917 1293 3983; x_wconf 86' lang='lat' dir='ltr'><strong>corpus</strong></span> 
     </span>
     <span class='ocr_line' id='line_1_38' title="bbox 90 3997 1346 4088; baseline -0.008 -12"><span class='ocrx_word' id='word_1_343' title='bbox 90 3997 199 4076; x_wconf 64' lang='lat' dir='ltr'><strong>taliter</strong></span> <span class='ocrx_word' id='word_1_344' title='bbox 219 4003 333 4072; x_wconf 87' lang='lat' dir='ltr'><strong>subtile</strong></span> <span class='ocrx_word' id='word_1_345' title='bbox 346 4003 507 4084; x_wconf 84' lang='lat' dir='ltr'><strong>credimus,</strong></span> <span class='ocrx_word' id='word_1_346' title='bbox 526 4007 564 4069; x_wconf 93' lang='lat' dir='ltr'><strong>nt</strong></span> <span class='ocrx_word' id='word_1_347' title='bbox 583 4024 670 4070; x_wconf 88' lang='lat' dir='ltr'><strong>more</strong></span> <span class='ocrx_word' id='word_1_348' title='bbox 683 4000 769 4069; x_wconf 84' lang='lat' dir='ltr'><strong>venti</strong></span> <span class='ocrx_word' id='word_1_349' title='bbox 788 4023 844 4087; x_wconf 91' lang='lat' dir='ltr'><strong>per</strong></span> <span class='ocrx_word' id='word_1_350' title='bbox 858 4006 1000 4088; x_wconf 84' lang='lat' dir='ltr'><strong>patentes</strong></span> <span class='ocrx_word' id='word_1_351' title='bbox 1017 4000 1111 4068; x_wconf 86' lang='lat' dir='ltr'><strong>rimas</strong></span> <span class='ocrx_word' id='word_1_352' title='bbox 1130 3998 1293 4079; x_wconf 71' lang='lat' dir='ltr'><strong>inflaverit,</strong></span> <span class='ocrx_word' id='word_1_353' title='bbox 1337 4053 1346 4078; x_wconf 78' lang='grc'><strong>.,</strong></span> 
     </span>
     <span class='ocr_line' id='line_1_39' title="bbox 81 4101 1292 4194; baseline -0.003 -22"><span class='ocrx_word' id='word_1_354' title='bbox 81 4108 148 4184; x_wconf 66' lang='lat' dir='ltr'><strong>aut</strong></span> <span class='ocrx_word' id='word_1_355' title='bbox 167 4106 368 4172; x_wconf 90' lang='lat' dir='ltr'><strong>similitudine</strong></span> <span class='ocrx_word' id='word_1_356' title='bbox 392 4106 484 4194; x_wconf 74' lang='lat' dir='ltr'><strong>ignis,</strong></span> <span class='ocrx_word' id='word_1_357' title='bbox 508 4105 563 4191; x_wconf 90' lang='lat' dir='ltr'><strong>qni</strong></span> <span class='ocrx_word' id='word_1_358' title='bbox 588 4109 659 4172; x_wconf 72' lang='lat' dir='ltr'><strong>stre</strong></span> <span class='ocrx_word' id='word_1_359' title='bbox 684 4103 847 4189; x_wconf 79' lang='lat' dir='ltr'><strong>ventisque</strong></span> <span class='ocrx_word' id='word_1_360' title='bbox 871 4104 1017 4170; x_wconf 85' lang='lat' dir='ltr'><strong>subtilior</strong></span> <span class='ocrx_word' id='word_1_361' title='bbox 1041 4107 1097 4184; x_wconf 80' lang='lat' dir='ltr'><strong>est,</strong></span> <span class='ocrx_word' id='word_1_362' title='bbox 1119 4124 1176 4188; x_wconf 84' lang='lat' dir='ltr'><strong>por</strong></span> <span class='ocrx_word' id='word_1_363' title='bbox 1199 4101 1292 4168; x_wconf 89' lang='lat' dir='ltr'><strong>solidi</strong></span> 
     </span>
     <span class='ocr_line' id='line_1_40' title="bbox 70 4201 1291 4321; baseline -0.005 -45"><span class='ocrx_word' id='word_1_364' title='bbox 70 4205 219 4321; x_wconf 68' lang='lat' dir='ltr'><strong>parietis</strong></span> <span class='ocrx_word' id='word_1_365' title='bbox 246 4227 337 4294; x_wconf 90' lang='lat' dir='ltr'><strong>poros</strong></span> <span class='ocrx_word' id='word_1_366' title='bbox 357 4207 488 4296; x_wconf 75' lang='lat' dir='ltr'><strong>illapsis</strong></span> <span class='ocrx_word' id='word_1_367' title='bbox 515 4207 566 4288; x_wconf 63' lang='lat' dir='ltr'><strong>sit,</strong></span> <span class='ocrx_word' id='word_1_368' title='bbox 593 4210 649 4273; x_wconf 85' lang='lat' dir='ltr'><strong>aut</strong></span> <span class='ocrx_word' id='word_1_369' title='bbox 668 4201 766 4286; x_wconf 67' lang='lat' dir='ltr'><strong>&#39;certe</strong></span> <span class='ocrx_word' id='word_1_370' title='bbox 795 4205 880 4291; x_wconf 91' lang='lat' dir='ltr'><strong>quod</strong></span> <span class='ocrx_word' id='word_1_371' title='bbox 906 4203 1057 4274; x_wconf 87' lang='lat' dir='ltr'><strong>soliditati</strong></span> <span class='ocrx_word' id='word_1_372' title='bbox 1076 4208 1132 4271; x_wconf 85' lang='lat' dir='ltr'><strong>ant</strong></span> <span class='ocrx_word' id='word_1_373' title='bbox 1150 4201 1291 4271; x_wconf 74' lang='lat' dir='ltr'><strong>firmitati</strong></span> 
     </span>
     <span class='ocr_line' id='line_1_41' title="bbox 61 4315 293 4396; baseline -0.004 -36"><span class='ocrx_word' id='word_1_374' title='bbox 61 4315 293 4396; x_wconf 41' lang='grc' dir='ltr'>κς..-</span> 
     </span>
     <span class='ocr_line' id='line_1_42' title="bbox 191 4423 454 4496; baseline 0.008 -2"><span class='ocrx_word' id='word_1_375' title='bbox 191 4423 219 4496; x_wconf 81' lang='lat' dir='ltr'><strong>t)</strong></span> <span class='ocrx_word' id='word_1_376' title='bbox 235 4439 285 4482; x_wconf 68' lang='lat' dir='ltr'><strong>ac</strong></span> <span class='ocrx_word' id='word_1_377' title='bbox 301 4425 322 4481; x_wconf 66' lang='lat' dir='ltr'><strong>t</strong></span> <span class='ocrx_word' id='word_1_378' title='bbox 339 4439 454 4496; x_wconf 66' lang='lat' dir='ltr'><strong>m</strong></span> 
     </span>
    </p>
   </div>
   <div class='ocr_carea' id='block_1_3' title="bbox 0 0 1510 5300">
    <p class='ocr_par' dir='ltr' id='par_1_3' title="bbox 0 0 1510 5300">
     <span class='ocr_line' id='line_1_43' title="bbox 0 0 1510 5300; baseline 0 6"><span class='ocrx_word' id='word_1_379' title='bbox 0 0 1510 5300; x_wconf 95' lang='lat' dir='ltr'><strong> </strong></span> 
     </span>
    </p>
   </div>
  </div>
 </body>
</html>
