3010 5300
469 398 802 458 nPouoouuwus,
1217 410 1235 469 7

133 567 225 634 Unde
246 572 279 635 et
299 567 400 634 David
426 567 526 634 dioere
551 588 609 634 neo
636 567 737 634 voluit
763 581 821 634 neo'
848 565 969 639 debuit:
995 565 1057 646 Qui
1084 567 1238 654 plantes-it

61 690 148 747 erem,
178 691 281 735 nonne
302 669 419 754 etipse
448 691 554 734 eurem
581 670 696 736 hebet?
724 669 834 756 etqui
862 669 953 735 finxit
973 671 1108 748 oeulum,
1134 692 1237 736 nonne

61 795 66 837 ;
97 772 163 858 ipse
193 772 318 840 ooulum
353 772 470 838 hebet?
510 774 580 838 sed:
622 773 686 856 Qui
716 774 881 859 plantavit
915 795 1039 856 eureio,
1076 771 1133 851 nit,
1167 795 1237 843 ooo

61 877 163 946 odiet?
183 884 242 946 out
263 878 320 962 qui
340 878 440 963 finxit
460 879 592 960 mum,
614 899 684 946 ooo
705 877 902 947 coeeeidem?
943 876 1030 946 Siout
1053 899 1127 966 ergo
1150 879 1236 945 ondit
1263 960 1266 967 Ι

61 1003 64 1042 ι
85 980 176 1059 videt,
196 981 242 1046 ite
263 1001 387 1065 quoque
407 1001 481 1046 sues
501 979 672 1047 divinitatis
696 982 788 1047 modo
808 981 920 1068 longit,
940 1001 1019 1065 queo
1039 1002 1096 1047 suo
1117 984 1235 1048 ettuetu

61 1103 126 1168 gne
152 1081 344 1166 judicaverit
387 1081 481 1162 snae,
511 1081 651 1167 inquom,
682 1081 883 1149 sublimitatis
910 1083 1003 1148 modo
1029 1081 1115 1148 videt
1140 1083 1234 1162 Dens,

61 1183 118 1248 idit
139 1189 233 1269 utque
253 1184 356 1270 tangit
376 1187 409 1250 et
429 1188 582 1267 operetur,
602 1184 636 1250 in
655 1185 743 1252 nullo
763 1185 902 1270 eorporei
922 1183 1055 1251 membni
1074 1188 1165 1250 utens
1181 1185 1232 1252 vel
1272 1190 1317 1273 (7)

61 1285 170 1371 ,uigens
191 1286 405 1353 instrumento.
440 1285 601 1364 Quomodo
623 1285 706 1352 enim
726 1307 800 1353 eure
820 1286 872 1352 vel
892 1287 984 1352 oeulo
1005 1289 1062 1353 eut
1080 1307 1175 1351 muno
1196 1287 1235 1353 ed

61 1388 224 1468 udiendum,
251 1387 417 1455 videndum
447 1392 479 1454 et
507 1389 696 1475 tangendum
716 1388 768 1455 vel
796 1389 986 1472 operandum
1006 1387 1153 1474 indigent,
1180 1387 1234 1472 qui

61 1494 114 1555 tus
135 1489 194 1556 sibi
219 1491 311 1570 euris,
336 1491 445 1557 oeulos
466 1493 498 1556 et
524 1513 634 1558 munus
662 1494 730 1557 est?
770 1489 866 1556 Videt
892 1493 1005 1568 eutem,
1033 1487 1120 1555 uudit
1139 1493 1234 1574 utque

61 1591 132 1679 ugit
152 1593 237 1658 Deus
264 1614 329 1660 non
357 1596 482 1660 nostroe
501 1592 715 1678 possibilitatis
739 1593 840 1672 modo,
868 1591 921 1658 sod
941 1613 1016 1657 sune
1035 1589 1233 1676 impossibili·

61 1693 103 1760 tis
131 1698 163 1760 et
191 1694 382 1762 aeternitatis
409 1695 533 1764 virtute.
579 1694 680 1762 Videt
700 1699 794 1780 etque
823 1693 910 1762 audit
937 1693 1052 1772 omniu,
1078 1713 1141 1760 non
1169 1713 1231 1780 quo

61 1817 111 1860 uus
132 1795 199 1880 ejus
219 1801 253 1863 in
273 1819 340 1864 rem
360 1797 536 1883 oppositum
557 1800 640 1884 eget,
660 1797 712 1864 vel
733 1796 856 1863 euditus
877 1817 971 1863 sonos
992 1795 1182 1862 offendentes
1199 1799 1232 1862 et

61 1897 207 1973 ivolentes
236 1897 380 1984 excipiet,
407 1897 461 1964 sed
489 1899 572 1982 quod
599 1919 671 1964 eum
701 1897 782 1964 nihil
811 1901 988 1964 nostrorum
1015 1901 1157 1963 motuum
1179 1896 1232 1963 vel

61 1997 259 2082 gitetionum,
278 2021 319 2064 ne
339 1999 440 2064 dionm
460 1997 621 2078 distortum,
642 1998 747 2078 lateat
767 1998 909 2083 nihilque
930 2018 1139 2083 eorumquae
1157 1997 1231 2064 ieoit
1318 2003 1321 2008 '

61 2101 181 2188 lt'quoe
201 2099 303 2165 voluit
322 2099 391 2179 sibi,
420 2099 487 2184 ejus
507 2099 681 2165 contuitum
702 2103 797 2184 etque
817 2098 978 2165 scientim
999 2099 1099 2165 oelure
1119 2099 1229 2166 velent

61 2203 142 2270 onio
172 2204 258 2271 enim
285 2205 429 2272 sedeat
461 2208 573 2288 operto
600 2209 678 2272 sunt
707 2203 804 2272 onelis
832 2203 908 2290 ejus.
950 2201 1046 2271 Videt
1071 2223 1177 2270 omnen
1197 2205 1230 2270 et

61 2303 130 2368 onie
151 2325 231 2388 quoe
252 2304 332 2370 fiunt
350 2305 415 2371 sive
441 2305 475 2371 in
499 2305 585 2370 eeelo
606 2305 671 2370 sive
696 2303 729 2369 in
749 2309 842 2384 terro,
867 2304 987 2370 diverso
1007 2309 1121 2384 temen,
1146 2305 1228 2390 quod

79 2403 196 2470 effectis
215 2409 311 2490 petet,
331 2405 485 2472 oontuitu:
504 2406 653 2490 quondum
674 2405 819 2472 videlieet
838 2426 894 2490 per
912 2404 1056 2488 gestium,
1076 2405 1228 2491 quondum

61 2509 288 2593 reperirem
330 2509 422 2576 Unde
447 2510 597 2596 seriptum
618 2514 681 2576 est:
713 2509 803 2578 Oculi
828 2509 964 2577 Domini
994 2530 1090 2595 super
1107 2509 1227 2596 justo&

73 2637 167 2684 aures
188 2615 255 2700 ejus
275 2616 315 2682 to
335 2637 443 2700 preces
468 2637 585 2682 mmm.
638 2616 748 2683 Voltus
772 2619 879 2683 autem
900 2613 1037 2682 Domini
1061 2637 1155 2701 seper
1174 2615 1225 2702 so·

61 2726 135 2788 mtes
155 2720 250 2801 molo,
272 2725 310 2786 ut
325 2721 443 2804 pereat
463 2721 502 2787 de
523 2726 609 2788 tesso
629 2721 810 2788 memoriam
832 2743 948 2788 mrum.

120 2837 271 2905 Similiter
291 2842 394 2903 eutem
416 2842 448 2903 et
472 2827 618 2922 operetur
637 2838 723 2904 Deus
746 2860 842 2904 mnnu
866 2839 993 2924 proprie
1012 2839 1052 2905 ed
1072 2839 1224 2925 egendum

61 2961 76 3005 e
96 2944 187 3007 utens
206 2960 264 3006 nee
284 2939 434 3026 indigens,
449 2939 563 3025 quippe
584 2939 672 3024 eujus
685 2940 766 3007 uelle
786 2938 895 3006 iecisse
908 2945 962 3008 est
990 2927 1087 3006 A'mot
1100 2961 1224 3025 quoque

71 3043 153 3108 zelet
171 3043 263 3122 Deus,
285 3063 348 3108 non
369 3043 453 3128 quod
472 3047 596 3109 nostroe
619 3041 807 3108 infirmitatis
832 3043 924 3109 modo
953 3041 1149 3127 possibiliter,
1170 3043 1223 3108 sed

61 3166 91 3209 eo
111 3143 235 3209 virtutis
255 3142 419 3229 privilegio
441 3142 681 3228 impassibiliter.
723 3141 784 3220 Qui
812 3143 894 3210 sient
919 3149 1004 3210 totos
1032 3145 1149 3225 oculus,
1177 3145 1223 3210 ile

69 3248 154 3310 totus
174 3267 263 3312 emor
283 3249 337 3313 est
371 3243 487 3332 Tangit
506 3265 631 3330 quoque
651 3243 768 3310 enimes
788 3266 846 3310 suo
866 3249 986 3311 etleotu
1007 3243 1124 3332 dignus,
1145 3267 1222 3330 quus

61 3346 160 3412 lelioet
179 3368 235 3414 suo
257 3352 375 3414 ettuotu
400 3347 466 3432 ipse
493 3346 602 3433 dignes
629 3347 771 3413 effecerit
812 3345 891 3431 Ejus
911 3367 986 3414 vero
1007 3346 1146 3434 tetigisse
1166 3351 1221 3426 est,

61 3448 207 3516 eesentiee
227 3472 301 3517 sues
321 3455 354 3516 et
381 3449 537 3537 ίιιςτοεειιε
557 3449 591 3514 in
611 3448 729 3514 enimus
757 3453 877 3515 sanetus
905 3447 1050 3516 sensibile
1071 3447 1137 3533 ejus
1158 3447 1229 3536 sig·-

61 3573 91 3616 m
111 3553 192 3631 dure,
217 3551 281 3620 imo
307 3560 339 3619 et
364 3553 443 3618 miro
472 3555 565 3636 etque
594 3550 746 3617 ineffabili
772 3551 865 3618 modo
891 3573 951 3631 eus,
979 3570 1050 3618 oum
1077 3551 1220 3630 voluerit,
1273 3621 1277 3628 ,

61 3675 98 3718 no
117 3653 288 3734 intellectu,
308 3677 391 3721 nuno
411 3658 444 3720 et
464 3653 497 3719 in
517 3653 638 3731 effectu,
658 3652 812 3718 interdum
827 3674 951 3738 quoque
972 3653 1006 3719 in
1026 3676 1127 3732 sensu,
1141 3653 1220 3719 mire
1276 3721 1277 3725 ,

61 3755 147 3820 udum
168 3759 201 3820 et
220 3755 293 3820 huie
313 3757 418 3821 seoulo
439 3755 563 3840 penitus
584 3753 693 3840 Quoto
716 3753 869 3820 seuuvilute
897 3755 1019 3821 effioere
1039 3790 1083 3804 -
1103 3755 1218 3841 quippe
1343 3767 1347 3772 “

60 3854 69 3918 i
103 3859 189 3921 totus
223 3856 289 3941 ipse
323 3856 427 3922 mmsis
462 3859 494 3921 et
527 3877 601 3921 veru
635 3858 729 3938 etque
763 3877 884 3920 mumma
918 3855 1070 3921 suavitate
1105 3860 1153 3921 eet
1175 3893 1218 3904 -
1316 3927 1321 3944 .
1443 3931 1444 3942 χ

61 3956 202 4043 osdum†)
224 3978 296 4024 vero
326 3957 360 4024 in
381 3955 620 4030 aemulationem
649 3960 741 4040 utque
768 3956 869 4022 zelum
893 3959 1003 4023 eontra
1022 3955 1099 4022 vitiu
1119 3961 1151 4024 et
1171 3957 1217 4022 si·

61 4079 108 4124 sos
135 4057 324 4146 spiritos††)
350 4059 408 4124 sui·
424 4059 517 4147 igneo
546 4058 681 4142 quodum
708 4057 817 4123 afflatu
843 4057 999 4125 suscitare.
1040 4055 1217 4125 sinautem

61 4181 72 4225 e
100 4160 174 4247 ugit,
203 4166 239 4226 ut
265 4161 430 4248 vigilantes
461 4182 516 4228 seu
544 4159 730 4227 dormientes
762 4159 917 4226 interdum
947 4159 1038 4247 signe
1065 4161 1216 4246 qnoedum

61 4262 133 4328 inse
153 4263 340 4331 visitetionis
360 4263 394 4329 in
414 4267 512 4330 semet
531 4261 607 4348 ipsis
627 4265 857 4348 recognoseunt
877 4261 992 4356 eunetis
1012 4257 1237 4342 solummodo,-

61 4385 88 4430 >s
105 4366 190 4431 Deus
211 4363 307 4444 novit,
327 4369 454 4450 experto
473 4363 509 4430 et
526 4364 641 4430 unlutu
660 4363 802 4442 maxime,
822 4367 897 4430 tunm
917 4386 989 4429 oum
1009 4383 1063 4430 eos
1083 4362 1215 4449 inopus

108 4552 137 4623 l)
153 4549 289 4621 quedem
305 4551 350 4622 ill·
367 4579 400 4592 ··
417 4549 461 4622 ἢ)
478 4567 528 4607 ¹¹¹¹
545 4551 566 4606 ἱ
586 4550 696 4624 mimos
