3010 5300
34 162 42 221 2

32 408 38 541 p
523 419 857 484 aruoanuwus
1249 428 1294 486 5⁷

30 626 31 629 ¹
93 617 152 680 que
145 595 324 712 suspectat
342 593 534 710 etpurpenit
553 593 596 661 ad
614 593 682 662 dies
699 511 785 663 inille
804 598 957 662 nemos
977 593 1118 682 triptota
1132 592 1296 679 pelopem

20 745 21 794 p
93 696 158 782 ipse
172 695 332 782 quinarius
352 695 477 783 proprie
496 717 602 762 sensus
621 717 708 877 nh·
711 683 916 781 'exprimit
937 695 993 780 qui
1013 693 1129 782 singuli
1148 715 1203 780 par
1222 715 1294 760 nor·

92 820 160 884 pus,
179 796 315 864 animam
336 801 368 864 et
387 795 531 883 spiritum
550 817 675 884 gemma
754 797 897 964 rfidem
918 817 1044 882 quoque
1064 796 1097 863 iu
1118 795 1294 862 actionibus

93 899 217 986 piatatis
240 899 409 986 justificati,
433 922 490 986 per
514 819 804 986 contemplatione·
828 920 901 967 vero
927 902 959 966 et
979 899 1064 967 verbi
1085 897 1291 966 ministerium

93 1001 313 1084 sanctificati,
302 1027 336 1071 ιιι
356 1003 524 1091 sapientise
544 1024 669 1090 quoque
693 987 794 1092 gustu
814 1025 851 1070 ao
870 1002 1040 1070 divinitatis
1061 1003 1173 1070 haustu
1193 1003 1291 1069 beati*

93 1107 176 1174 flenti
201 1107 295 1175 simul
322 1128 359 1175 ao
383 1105 552 1174 divinitatis
580 1107 649 1174 usui
673 1106 819 1193 coaptati,
845 1111 928 1174 reete
955 1127 1083 1174 numero
1111 1111 1291 1192 praetaxato

78 1209 274 1300 ,prophetiae
295 1208 459 1276 locutionis
479 1210 571 1276 modo
592 1209 728 1295 expressi
755 1213 839 1288 sunt,
867 1230 904 1275 eo
925 1208 1009 1295 qnod
1033 1208 1067 1275 in
1088 1208 1202 1275 eisdem
1222 1229 1291 1274 sen·

93 1312 177 1380 aibuu
195 1311 379 1397 justificatis,
400 1311 598 1380 mnotifieatis
619 1317 651 1379 at
670 1311 851 1379 beatifiestis
871 1315 938 1396 tam
960 1310 1133 1397 multiplex,
1157 1310 1293 1397 perlaeta

94 1420 126 1482 et
146 1415 266 1482 stabilis
279 1415 480 1483 beatitudinis
500 1420 625 1483 nostrae
637 1415 789 1502 possessio
804 1415 872 1493 erit,
892 1415 972 1481 siout
985 1415 1073 1482 mille
1085 1418 1292 1482 trecentorum

93 1519 223 1606 triginta
253 1517 391 1604 quinque
419 1517 538 1584 dierum
567 1519 713 1604 mysterio
745 1517 954 1606 significatum
983 1522 1037 1585 est
1067 1516 1159 1597 'Quid
1188 1520 1293 1584 autern

94 1643 159 1688 esse
179 1621 365 1707 putabimus,
385 1625 440 1688 aut
455 1620 530 1708 quid
550 1621 689 1708 mysterii
709 1621 855 1702 eontinet,
869 1622 953 1707 quod
967 1620 1133 1688 eorundem
1146 1643 1290 1688 munuum

93 1729 269 1792 nostrorum
290 1725 324 1791 in
343 1747 440 1813 regno
461 1725 652 1792 aeternitatis
672 1729 788 1792 statuam
808 1725 981 1792 millenario
1001 1723 1157 1810 triplioato
1176 1723 1211 1790 in
1229 1727 1290 1790 lra-

93 1828 190 1894 sentis
203 1829 376 1915 denariis‚†)
396 1830 548 1914 propheta
567 1849 640 1895 vero
660 1827 773 1914 simplo
794 1828 966 1896 millenario
981 1829 1098 1894 dierum
1118 1827 1292 1916 s'mnilioare

93 1929 201 2010 voluit,
222 1929 281 1996 nisi
301 1930 443 2017 quod††)
464 1929 558 1998 iidem
583 1952 689 1998 sensus
709 1931 805 1998 nostri
830 1929 864 1997 in
883 1931 976 1998 unius
1000 1930 1122 1998 divinae
1143 1931 1290 1999 essentiae

93 2033 270 2119 cognitione
290 2033 425 2099 mmabili
446 2035 579 2119 quadam
606 2033 746 2100 unitione
773 2033 1060 2118 simplifioabuntur,
1087 2038 1133 2114 ut,
1159 2033 1233 2100 lieet
1251 2055 1290 2099 ex

93 2135 200 2215 tribus,
221 2155 350 2221 torpore
374 2135 525 2216 videlieet
550 2135 705 2202 animast
729 2133 841 2220 spiritu
866 2134 1032 2223 eompositi
1051 2135 1157 2219 umus,
1181 2133 1291 2222 spiritu

93 2243 206 2318 tamen,
234 2260 359 2306 omnem
383 2238 443 2304 sibi
471 2239 535 2304 lere
564 2238 597 2304 in
624 2237 714 2304 uobis
741 2242 925 2324 potestatem
954 2237 1092 2325 eorporis
1113 2243 1146 2305 et
1170 2237 1291 2305 animae

92 2364 239 2408 sensuum
259 2341 447 2422 vendicante,
461 2341 687 2428 quedammodo
708 2363 766 2406 nos
786 2340 819 2407 in
833 2361 960 2426 eorpore
982 2344 1014 2407 at
1033 2340 1137 2407 anima
1156 2340 1291 2408 sensuali

93 2467 158 2510 esse
190 2443 373 2523 nesciamus,
406 2443 525 2528 majora
555 2447 630 2509 tuno
658 2443 768 2528 spiritu
800 2465 837 2508 ax
869 2443 973 2510 diviua
1003 2442 1227 2511 inhabitatione
1257 2441 1291 2509 in
1328 2449 1406 2532 (5¹1)

92 2545 193 2630 petria
214 2545 270 2611 ills
291 2567 348 2611 sua
368 2545 494 2612 caelesti
514 2549 736 2631 praesumente,
760 2544 841 2610 ment
861 2567 944 2611 nuno
963 2545 997 2611 in
1016 2545 1143 2612 bomine
1163 2544 1291 2612 animali

93 2649 169 2714 adeo
189 2647 248 2713 sibi
262 2669 333 2721 earo
354 2651 387 2714 et
408 2648 511 2714 anima
530 2647 590 2714 sibi
610 2647 816 2733 principatum
835 2647 1005 2726 rentiam,
1025 2651 1062 2714 ut
1080 2647 1205 2733 spiritns
1218 2669 1290 2714 aum

92 2750 157 2834 suis
177 2749 316 2814 sensibus
337 2749 460 2832 penitus
480 2749 642 2832 absorptus
662 2750 782 2814 nullam
799 2749 864 2815 iere
884 2751 934 2816 eui
954 2753 1139 2835 potestatem
1152 2749 1301 2826 retineat·

93 2853 281 2915 nontamen
311 2849 414 2915 mrima
444 2871 499 2915 seu
528 2870 656 2936 corpore
686 2849 752 2916 illio
779 2849 812 2915 in
842 2850 944 2936 patris
971 2849 1108 2936 spiritus,
1135 2851 1291 2918 sioutneo

93 2951 203 3039 spiritu
225 2951 257 3017 iu
278 2951 379 3037 patria
399 2951 459 3018 ista
479 2952 580 3019 earnis
600 2952 844 3020 intereuntibus?

193 3053 318 3120 Etenim
339 3054 414 3120 (lum
433 3053 507 3134 vita,
527 3077 606 3140 quae
626 3055 711 3122 Dens
731 3061 787 3136 aa
813 3055 965 3143 spiritum,
992 3055 1119 3142 spiritus
1148 3055 1290 3138 animm,

20 3227 21 3232 ,
94 3158 197 3224 anima
225 3178 350 3242 quoque
378 3156 412 3223 in
438 3156 528 3224 nobie
555 3179 678 3224 earnem
705 3159 871 3226 absorbet:
895 3181 958 3224 ιιοιι
986 3161 1047 3226 hoo
1074 3159 1141 3247 egit
1167 3159 1232 3226 vite
1259 3164 1292 3226 et

93 3259 219 3344 spiritus
240 3259 293 3326 ille
314 3258 500 3345 prinoipalis,
521 3259 553 3326 id
573 3261 657 3344 quod
678 3259 711 3326 in
731 3260 819 3328 nobis
840 3265 888 3327 eat
908 3261 1038 3327 mortale
1059 3260 1235 3342 absorbens,
1254 3265 1292 3328 ut

93 3362 226 3440 nonsit
258 3362 312 3428 sad
338 3366 375 3427 ut
400 3361 511 3427 melius
538 3361 587 3441 sit,
621 3363 659 3428 de
686 3363 874 3430 mortalitate
896 3361 929 3429 in
949 3361 1223 3442 immortalitatem,
1253 3363 1291 3429 ‹le

94 3463 292 3552 eorruptione
324 3463 358 3529 in
389 3462 663 3548 incorruptionem,
689 3466 727 3531 de
758 3463 949 3532 animalitate
980 3464 1013 3531 in
1042 3463 1291 3550 spiritualitatem

95 3568 288 3645 tramlatuni,
316 3565 520 3650 quomodosi
547 3588 665 3644 aurum,
693 3589 744 3632 aes
765 3573 798 3634 et
817 3567 942 3648 ferrum,
970 3565 1036 3654 igni
1056 3566 1150 3634 simul
1170 3566 1291 3652 injecta,

93 3669 176 3756 ignis
196 3669 360 3734 eandorem
381 3666 474 3734 simul
496 3672 528 3732 et
556 3667 664 3734 urendi
692 3668 838 3734 virtutem
863 3667 1015 3754 aecipiant
1041 3669 1129 3735 nullo
1153 3668 1290 3753 ipsorum

94 3771 193 3837 altero
226 3770 328 3835 minus
360 3771 508 3836 candente
542 3768 592 3835 rel
623 3774 740 3836 urente
791 3770 918 3836 Etenim
950 3769 1101 3836 Dominus
1133 3769 1199 3837 illio
1228 3790 1290 3834 non

94 3874 195 3938 solum
216 3870 347 3957 spiritui,
367 3873 420 3938 sed
440 3869 561 3937 enimse
582 3875 614 3938 et
633 3871 756 3957 eorpori
776 3894 857 3938 unus
878 3876 971 3955 atque
992 3871 1073 3937 idem
1094 3869 1160 3938 erit
1200 3871 1291 3940 Unda

94 3977 270 4062 apostolus:
293 3975 427 4062 Corpus,
448 3977 559 4062 inquit,
579 3998 650 4044 nora
669 3976 894 4062 fornicationi,
921 3977 976 4044 aad
997 3975 1151 4057 Domine,
1173 3981 1203 4044 el
1223 3975 1290 4043 Do·

94 4084 206 4152 minua
234 4081 370 4167 corpori.
420 4083 535 4162 Quodsi
562 4082 685 4169 spiritui
713 4087 746 4149 et
772 4083 893 4168 eorpori
920 4081 1072 4149 Dominus
1100 4081 1170 4160 erit,
1198 4086 1291 4168 atque

60 4203 63 4212 ·
94 4184 162 4270 ipsa
182 4183 341 4252 Domino:
362 4186 518 4270 quomodo
542 4183 679 4252 animam
704 4185 833 4270 ejusque
861 4185 989 4251 affectum
1013 4183 1217 4251 inhabitatam
1243 4205 1290 4250 re-

94 4288 224 4373 linquet
243 4308 308 4373 pro
329 4309 392 4374 qua
412 4289 473 4355 duo
502 4289 578 4355 haee
606 4291 749 4356 extrema·
763 4287 966 4373 oopulantur?
990 4285 1077 4368 *Erit
1104 4289 1207 4354 numm
1227 4287 1291 4354 tale

94 4412 204 4474 eorpus
224 4389 298 4470 illio,
317 4395 362 4468 ut,
383 4390 536 4477 dumi-tt)
557 4412 664 4457 rerum
685 4411 796 4475 eorpus
815 4389 953 4476 quinque
972 4411 1118 4458 sensuum
1138 4387 1292 4474 spirituli

194 4493 1103 4590 praetensae-nmeqaeam-mrms'prmo
1123 4509 1291 4568 maures

93 4617 184 4656 ΜῑΙΙθ
200 4617 269 4656 Μ.
