3010 5300
202 479 243 536 42
476 469 661 526 ABNONIS
686 465 1133 525 uurcuussruuouuffls

201 639 303 706 solum
323 639 462 724 ooqroris
483 645 516 704 et
535 640 655 706 nninme
677 641 710 705 in
731 663 828 706 unum
846 637 1004 707 hominem
1026 637 1183 704 imitorum
1204 634 1404 702 similitudine

201 740 315 818 unitus,
336 739 389 805 md
407 740 611 807 omentiuliter
630 741 715 806 Deru
736 747 791 808 est
906 797 909 806 .

299 841 468 906 Videamus
489 841 591 921 etism.
618 841 645 908 si
666 847 713 908 est
741 842 847 927 ulique
873 839 1083 906 similitudinis
1111 839 1205 923 liujus
1229 841 1352 904 nostroe
1373 841 1405 903 et

200 966 256 1029 per
275 966 334 1010 nos
355 944 504 1011 adductos
524 965 595 1010 oum
615 949 792 1011 sanctorum
813 943 890 1010 serie
911 941 1134 1028 scripturarum
1147 939 1318 1007 oouoordis.
1354 939 1402 1006 Ex

199 1049 375 1112 mnutumm
396 1045 521 1130 quidem
546 1045 624 1112 serie
649 1046 879 1132 scripturorum,
904 1067 941 1111 ex
967 1045 1120 1130 principio
1142 1042 1285 1109 videlieet
1304 1041 1403 1110 (iene-

27 1167 28 1170 ’
199 1171 268 1214 neos
288 1151 400 1214 notrum
420 1151 476 1226 est
500 1147 602 1234 primo
624 1149 673 1215 die
698 1149 756 1215 sub
784 1147 909 1215 nomino
930 1145 1007 1214 lucis
1027 1145 1210 1212 rationalem
1231 1147 1404 1210 oreetuunm

107 1255 167 1332 (⁴2)
198 1249 230 1316 in
251 1249 373 1336 nugulis
393 1274 413 1314 ιι
433 1250 501 1316 Deo
523 1273 588 1316 esse
609 1251 779 1330 eonditum
805 1250 914 1317 deinde
934 1250 967 1316 in
987 1247 1113 1316 sumundi
1134 1269 1170 1314 oo
1190 1245 1283 1326 tertii,
1309 1245 1403 1313 simul

27 1349 28 1352 ’
198 1355 230 1418 et
249 1351 357 1436 quarti
377 1350 439 1418 diei
460 1351 604 1438 operibus
625 1353 854 1420 firmamentum
874 1351 962 1432 ιιοιι,
983 1372 1068 1417 mure
1089 1354 1121 1416 et
1141 1348 1267 1426 undam,
1288 1352 1403 1414 torrem

197 1475 267 1518 oum
286 1453 481 1540 germinibus
501 1453 574 1532 ιιιίιι,
594 1455 719 1539 insuper
739 1460 772 1521 et
791 1455 955 1522 luminaris
976 1453 1054 1519 coeli
1074 1451 1211 1528 oondito3
1233 1450 1343 1534 quinto
1364 1451 1403 1514 de

196 1554 287 1638 equis
314 1553 465 1620 nutribilis
492 1559 524 1620 et
545 1555 686 1621 volatilia
713 1555 834 1621 nnimue
863 1553 994 1620 viventis
1021 1553 1179 1638 producta
1221 1551 1317 1618 Sexto
1344 1550 1403 1628 dio,

195 1657 345 1723 unimulie
364 1661 397 1723 et
416 1656 531 1723 ιιιιίιιι
552 1678 623 1722 oum
644 1659 682 1722 de
703 1663 785 1724 term
804 1657 1007 1742 produxisset,
1036 1653 1154 1740 placuit
1175 1651 1276 1718 odhuo
1297 1649 1401 1718 ooudi·

196 1757 256 1822 tori
277 1778 316 1822 ex
338 1757 532 1842 beneplacito
557 1758 727 1842 supientiae
748 1763 780 1825 et
805 1759 954 1826 bonitatis
979 1779 1061 1834 sune,
1086 1755 1243 1822 hominem
1265 1754 1303 1820 nd
1325 1753 1401 1818 imu-

194 1857 300 1944 ginenr
322 1863 355 1924 ot
373 1858 609 1926 similitudinem
630 1882 718 1926 sunm
740 1861 855 1936 iuoerm
883 1861 966 1944 qnod
986 1863 1019 1925 et
1038 1857 1155 1924 fectum
1176 1859 1232 1934 est
1253 1854 1400 1920 niminmr

195 1959 415 2026 rationalitatis
436 1965 468 2026 et
487 1960 697 2029 eemmlitstis
718 1961 827 2028 formis
848 1961 881 2027 in
902 1983 996 2026 unum
1017 1958 1150 2044 speeiem
1172 1954 1322 2023 adimitis.
1357 1954 1402 2022 Et

195 2059 295 2124 fuctus
316 2065 365 2126 est
384 2061 488 2140 homo,
509 2061 542 2126 in
556 2063 655 2127 altero
676 2063 804 2150 angelis
825 2063 858 2128 in
872 2063 971 2128 altero
992 2060 1099 2126 bestiis
1120 2056 1401 2124 oonsubstnntinlis.

195 2159 250 2225 Oui
271 2165 376 2227 tumen
397 2160 553 2228 inferioris
573 2167 701 2228 notumne
713 2161 912 2247 participatio
934 2162 1116 2247 angelorum
1136 2158 1315 2224 societatem
1335 2177 1400 2221 nou

195 2261 344 2346 impedit:
363 2263 390 2328 si
411 2262 536 2348 quidem
557 2263 638 2329 ratio
665 2263 698 2329 in
719 2264 788 2349 ipso
815 2269 847 2330 et
871 2285 935 2329 non
955 2260 1140 2328 sensualitas
1160 2257 1330 2342 dominiumi
1351 2279 1399 2322 re·

193 2363 299 2428 tinent
341 2363 471 2447 Insuper
496 2368 528 2429 et
548 2365 650 2429 omnis
670 2369 813 2430 ereatura
838 2363 993 2430 sensibilis
1017 2361 1084 2446 ojus
1109 2359 1220 2426 ditioni
1245 2359 1359 2425 serviro
1380 2381 1400 2422 ι

193 2464 259 2528 Deo
280 2464 451 2529 eonstituto
475 2468 532 2542 er,
563 2464 589 2529 si
618 2464 746 2530 fautoris
774 2465 823 2530 sui
850 2485 974 2530 servum
1002 2485 1036 2529 so
1064 2463 1129 2547 ipso
1151 2461 1256 2526 debito
1283 2458 1399 2543 pietate

193 2559 402 2650 reoognosoit
434 2565 569 2630 Homine
589 2565 695 2652 igitur,
715 2570 752 2631 ut
767 2566 883 2632 dictum
904 2570 959 2645 est,
979 2569 1067 2631 sexto
1086 2563 1136 2630 die
1157 2563 1282 2628 condito
1304 2567 1400 2646 utque

194 2665 226 2730 in
246 2666 308 2730 hoo
334 2687 430 2750 opero
454 2666 622 2732 mundiolis
646 2667 783 2734 iubricae
808 2667 972 2752 completo,
996 2664 1128 2750 septimo
1141 2664 1198 2729 'die
1223 2661 1398 2746 requietum

192 2790 212 2830 ιι
225 2765 294 2832 Deo
315 2770 371 2832 est
405 2765 523 2832 Verum
544 2767 619 2852 quis
639 2791 714 2834 suae
735 2754 896 2856 dignitatis
916 2771 1011 2834 homo
1033 2767 1230 2852 privilegium
1252 2787 1314 2831 non
1335 2785 1398 2830 ser·

193 2889 267 2932 vans
288 2890 308 2933 ιι
328 2867 396 2932 Deo
423 2867 528 2952 lapsum
556 2873 612 2948 est
643 2870 737 2936 simul
768 2876 801 2936 et
828 2872 902 2956 quia
932 2871 965 2936 iu
994 2869 1166 2955 primorum
1194 2889 1247 2932 sex
1277 2866 1397 2931 diemun

190 2969 337 3055 openlius
371 2971 509 3036 nondum
542 2971 646 3037 omniu
679 2971 848 3056 supientiae
876 2973 935 3038 Dei
962 2993 1058 3058 opere
1082 2971 1120 3036 ud
1145 2968 1396 3054 praeordinatum

191 3072 283 3137 tinem
313 3069 439 3138 fuerunt
468 3073 624 3158 perducto,
662 3093 786 3140 rursmn
820 3075 926 3140 eodem
958 3073 1110 3158 snpientia
1141 3073 1173 3138 in
1205 3093 1259 3137 sex
1290 3068 1396 3135 mnudi
1441 3119 1442 3122 η

189 3173 344 3238 aetatibus
357 3173 442 3240 uliud
455 3197 585 3260 operum
605 3197 733 3242 suorum
748 3175 849 3242 funere
870 3197 934 3241 non
947 3181 1095 3262 gravetur
1110 3173 1279 3250 exordium,
1294 3172 1397 3256 ipsiuu

190 3274 347 3339 hominem
368 3275 486 3341 habens
511 3277 673 3342 motorium
700 3277 810 3362 operis,
835 3277 1039 3342 intentionem
1064 3297 1138 3341 vero
1165 3297 1253 3340 suom
1273 3275 1320 3343 ud¹
1336 3275 1397 3338 hoo

127 3381 131 3388 '
189 3376 333 3462 dirigens,
361 3381 406 3453 ut
427 3377 502 3459 quio
528 3377 721 3462 gloriebatur
741 3377 882 3443 diabolus
912 3377 1076 3442 eonsilium
1103 3381 1227 3441 sunnine
1248 3375 1397 3454 trinitatis

189 3479 381 3565 impeditum,
391 3483 474 3564 quod
486 3505 580 3567 super
592 3481 768 3547 uouditione
782 3481 917 3548 hominis
930 3482 1082 3547 habuerat
1095 3479 1210 3546 dicens:
1221 3479 1397 3547 Faciamus

188 3585 350 3652 dominum
365 3587 409 3651 ud
427 3586 603 3672 ιἰιιιιφὶιιιιι
617 3591 648 3653 ot
665 3587 917 3655 similitudieem
931 3591 1088 3668 nostrum,
1110 3585 1263 3670 siquidem
1284 3583 1396 3650 omisso

187 3688 390 3756 similitudine
415 3689 536 3756 divinoe
561 3691 731 3776 supientiae
756 3696 789 3758 et
812 3691 967 3780 bonitatis,
983 3695 1191 3775 εοιιιιιιιιιιιιιι
1211 3687 1322 3773 [norat
1338 3689 1394 3773 jo·

189 3793 306 3860 usmetis
332 3794 568 3879 desipientibus
593 3801 623 3863 et
648 3795 763 3862 riutilio
788 3794 896 3880 sociiis
922 3799 968 3862 esi
998 3795 1076 3875 iilis,
1106 3795 1223 3860 eodem·
1242 3793 1395 3878 sapientis

187 3895 246 3962 Dei
266 3895 386 3962 tnmdin
414 3893 455 3962 ab
484 3917 578 3980 opere
606 3919 663 3964 suo
689 3919 753 3964 nou
774 3897 953 3983 quiesceret
984 3897 1081 3964 donec
1109 3918 1201 3963 omno
1229 3894 1393 3962 consilium

63 4013 65 4019 ·
187 4021 277 4064 suum
290 3998 330 4065 de
350 3982 485 4064 hominis
505 3999 682 4067 eonditionu
702 4023 756 4066 sen
770 3999 995 4089 glorificatione
1016 3998 1267 4085 praeordinatum
1281 3999 1393 4064 effectu

188 4099 386 4186 manciparet
1477 4162 1478 4172 ,

287 4201 390 4288 Igitur
413 4201 494 4269 siout
518 4203 619 4288 primo
641 4205 690 4269 die
711 4205 811 4270 lucem
835 4203 993 4289 sepmnvit
1013 4226 1033 4269 ιι
1053 4171 1188 4270 terretuis
1209 4200 1392 4287 appellavit·

188 4325 248 4388 que
269 4303 371 4370 luoem
391 4303 473 4370 diem
495 4309 528 4371 et
547 4304 690 4372 tenebras
711 4311 856 4372 noctem:
878 4305 922 4372 ito
942 4304 1043 4390 primu
1062 4308 1164 4373 ootote
1185 4303 1293 4370 mundi
1310 4302 1392 4369 lilios
1476 4293 1478 4304 ’

188 4405 385 4472 tenebrosum
404 4430 425 4473 ιι
445 4407 518 4473 liliis
542 4407 621 4474 lucis
643 4407 792 4487 distinxit,
817 4407 898 4473 lilios
919 4407 1141 4474 benedictionis
1163 4430 1182 4472 ιι
1203 4406 1275 4473 tiliis
1295 4405 1391 4470 mole·
1477 4411 1478 4420 ’

188 4505 340 4586 dictionis,
358 4507 439 4575 tilios
452 4509 530 4577 Seth
551 4533 571 4576 ιι
584 4509 656 4576 tiliis
669 4509 744 4576 Cain
765 4509 953 4596 segregavit
974 4531 1054 4594 quos
1074 4508 1226 4594 scripturn
1238 4509 1392 4576 Geneseos

188 4609 271 4676 lilios
289 4609 350 4676 Dei
370 4615 403 4679 et
421 4611 503 4679 lilios
526 4612 690 4680 hominum
710 4613 901 4704 oompolions
923 4611 1013 4698 quusi
1038 4611 1116 4679 lnois
1141 4616 1173 4678 et
1193 4611 1391 4678 tenebrarum
1476 4695 1478 4702 Α
