3010 5300
502 399 515 418 ⁰
543 451 882 511 esouocsrrous.
1118 433 1119 438 '
1269 465 1313 532 69

110 621 223 706 quale?
251 620 416 706 inquirere.
458 621 514 688 Gari
542 621 569 689 si
589 623 767 708 opinionem
788 645 889 691 msam
909 623 1024 705 dixero,
1051 625 1133 692 forte
1153 647 1215 693 non
1235 626 1314 693 satis

110 723 157 790 illi
179 727 226 790 est
246 744 303 788 nec
322 723 397 790 satis
418 746 484 790 ease
504 725 602 791 debet
636 725 716 791 Dim
737 727 893 792 tumendo
914 725 1007 793 tertio
1027 727 1095 813 ipso
1117 727 1202 794 caelo
1217 728 1313 796 simul

109 829 142 892 ct
161 825 303 912 paradiso
330 827 497 894 secundum
527 827 705 913 opinionem
732 850 842 908 meam,
870 829 954 914 quod
977 829 1087 897 sentio.
1128 830 1311 908 Paradisum

109 927 234 1012 quidem
263 933 417 994 terrenam
447 951 513 995 esse
544 951 608 996 non
640 930 748 995 dubito
780 931 947 996 secundum
976 931 1150 1016 scripturas,
1183 932 1216 998 in
1247 955 1311 1017 qua

107 1027 226 1113 primus
257 1027 352 1094 homo
383 1029 502 1112 positus
533 1033 588 1108 est
617 1031 746 1095 temonis
778 1030 868 1096 bonis
900 1031 1123 1108 abundantem
1157 1033 1211 1099 ssd
1241 1034 1311 1110 hoc,
1396 1039 1398 1047 ’

108 1127 193 1212 quod
214 1126 253 1193 ad
273 1126 443 1212 spiritualis
464 1129 555 1207 sitos,
577 1149 656 1213 quae
677 1133 750 1215 post
770 1130 1023 1196 resurrectionem
1038 1151 1201 1215 corporum
1220 1133 1309 1216 spiri·

107 1228 239 1294 brulium
260 1228 380 1314 agenda
400 1233 456 1308 est,
477 1229 621 1314 reiquae
642 1229 682 1294 ad
702 1229 875 1296 reimerum
896 1235 1070 1297 mocianum
1088 1230 1310 1298 beatitudinem

106 1327 338 1394 resur-rectionis
364 1327 498 1416 gretiam
526 1329 780 1414 exspectantium,
809 1331 888 1396 scire
915 1351 979 1396 non
1007 1331 1110 1409 salso,
1136 1331 1197 1398 nisi
1224 1331 1309 1416 quod

107 1427 191 1494 illius
211 1427 381 1512 spiritualis
408 1429 551 1513 peradisi,
578 1429 697 1496 mimas
718 1430 912 1496 confoventis
935 1436 967 1497 et
988 1451 1117 1516 corpora
1136 1433 1310 1516 spiritualia

105 1528 332 1615 manuum
360 1529 573 1608 beatificantis,
601 1532 753 1615 quaedam
773 1535 858 1597 certa
884 1531 1120 1617 significationis
1148 1533 1257 1600 umbra
1277 1538 1310 1600 st
1450 1583 1453 1586 -

104 1629 275 1698 similitudo
298 1634 351 1698 est
1348 1659 1352 1665 ·

204 1731 305 1800 Porro
326 1733 496 1819 spiritualis
522 1733 691 1820 paradisus,
717 1735 750 1801 in
772 1756 867 1820 quam
887 1735 1003 1804 Pardus
1024 1737 1182 1823 spostolus
1202 1741 1308 1823 raptem

105 1839 161 1915 est,
180 1855 244 1901 non
264 1834 343 1900 mihi
363 1835 486 1902 ridetur
505 1859 525 1902 a
545 1835 638 1902 tertio
660 1836 756 1916 caclo,
775 1837 809 1902 iu
824 1837 909 1922 quod
928 1838 1005 1906 item
1026 1843 1134 1924 raptus
1155 1842 1210 1919 est
1230 1839 1309 1919 loco,
1344 1843 1423 1926 (68)

103 1939 157 2006 sed
188 1937 360 2024 gratiarum
393 1937 573 2006 differentiis
602 1939 715 2005 distem
736 1975 778 1988 —
804 1939 911 2025 quales
942 1939 1088 2008 nimiruum
1118 1940 1307 2010 differentiae

103 2063 170 2108 esse
191 2045 322 2127 possunt
341 2040 423 2107 inter
450 2040 621 2126 spiritualis
642 2043 778 2126 corporis
805 2043 1013 2128 spiritualium
1042 2066 1187 2110 sensunm
1207 2045 1306 2110 nsan-

103 2147 200 2210 tatem
229 2164 353 2210 omnem
380 2165 504 2226 sensum
532 2147 727 2229 superantem
749 2149 782 2211 et
808 2145 891 2212 inter
917 2145 1044 2230 spiritus
1065 2168 1084 2212 s
1103 2146 1171 2214 Dco
1191 2147 1307 2213 inomni

103 2243 214 2310 miram
243 2248 276 2310 et
307 2244 496 2311 ineffabilem
524 2266 560 2309 ac
588 2245 765 2311 beatificam
794 2247 1057 2314 illuminationem
1075 2283 1127 2327 -‚
1155 2254 1191 2314 ut
1217 2249 1334 2332 spiri.

103 2345 235 2416 tuelium
269 2369 414 2415 sensuum
449 2345 619 2435 spiritualis
649 2347 784 2416 suavitas
816 2346 884 2436 ipsu
914 2347 1072 2436 paradisus
1106 2349 1160 2430 cic.
1194 2349 1305 2418 ments

101 2473 175 2518 sero
203 2451 394 2518 illuminatio
421 2450 574 2518 mirabilis
604 2457 636 2518 et
663 2451 806 2520 beatifica
833 2476 853 2519 s
877 2453 945 2520 Deo
974 2453 1057 2521 iacta
1083 2453 1153 2541 ipsa
1180 2453 1305 2522 tertium

102 2555 222 2621 caelum
242 2554 291 2621 sit

201 2657 250 2722 De
264 2656 313 2722 his
334 2655 361 2721 si
376 2657 544 2741 quaeritur,
564 2656 619 2722 ubi
637 2657 709 2736 sint
729 2678 787 2743 ego
802 2680 859 2743 pro
879 2681 949 2725 mes
963 2659 1107 2745 opinione
1126 2661 1304 2746 respondeo,

101 2759 184 2842 quod
204 2757 313 2838 sentio,
348 2757 431 2824 intre
453 2757 545 2842 hnjus
565 2759 673 2825 mundi
700 2759 860 2840 ambitum,
887 2760 951 2827 imo
977 2765 1009 2827 st
1028 2760 1196 2842 intranea,
1220 2761 1303 2830 ¹intra

101 2863 259 2926 creatuac
290 2859 451 2926 rationalis
480 2860 631 2928 minorem
664 2866 696 2928 et
723 2860 916 2947 spiritualem
947 2863 1096 2931 mundum
1127 2885 1201 2932 esse
1242 2863 1302 2932 Sed

100 2963 208 3030 mundi
236 2963 330 3048 hujus
357 2963 480 3051 legibus
508 2985 571 3032 non
600 2963 777 3045 includitur,
804 2986 867 3033 non
896 2965 1034 3052 corporis
1061 2965 1212 3048 animalis,
1238 2988 1302 3034 non

100 3065 230 3146 animas,
250 3086 314 3132 non
333 3065 460 3150 spiritus
487 3068 636 3146 sensibus,
665 3067 790 3155 (noum
811 3067 992 3154 usucapitur
1012 3073 1067 3136 sut
1092 3073 1224 3150 tenetur,
1257 3076 1301 3149 ut,

100 3169 255 3255 quomodo
283 3173 409 3236 nomae
437 3169 594 3238 facultatis
623 3174 678 3251 est,
705 3169 803 3237 oeulis
832 3169 945 3256 apertis
973 3170 1079 3238 lumen
1106 3171 1181 3238 solis
1208 3173 1301 3257 hujus

99 3271 232 3354 haurire,
257 3271 383 3340 aarnbus
403 3272 528 3340 musicis
549 3273 748 3341 concentibus
769 3273 923 3354 delectari,
950 3273 1076 3341 naribus
1096 3296 1185 3343 auras
1206 3279 1300 3342 sttru-

98 3377 172 3444 here
192 3382 225 3444 et
253 3377 457 3444 ammistibus
478 3377 609 3444 odorum
637 3377 763 3464 perfrui,
787 3381 898 3465 gustm
919 3383 951 3445 et
978 3382 1078 3446 metus
1098 3379 1300 3448 mantelibus

88 3478 244 3562 deliciari,
272 3479 318 3548 ita
338 3485 461 3549 nostrae
489 3480 649 3550 securitatis
669 3486 702 3549 et
721 3481 937 3568 possibilitatis
957 3481 1007 3562 eil,
1035 3482 1121 3550 illius
1140 3483 1228 3571 regni
1248 3483 1299 3550 de·

97 3583 315 3652 lactationibus
335 3584 547 3670 spiritualibus
568 3586 618 3654 rel
646 3585 766 3652 animae
787 3586 838 3653 vel
857 3585 996 3672 corporis
1016 3585 1155 3654 sensibus
1175 3585 1300 3674 pertrui.

97 3687 194 3754 donec
214 3687 267 3754 isti
287 3709 395 3754 sensura
415 3687 448 3754 in
469 3688 594 3756 homine
614 3687 771 3774 spirituali
791 3687 982 3756 claudentem

121 3807 125 3817 '
196 3806 248 3875 Illi
268 3827 342 3874 sero
370 3829 478 3874 sensus
507 3807 691 3894 spirituales,
721 3807 834 3893 quibus
861 3807 918 3875 illa
944 3807 1102 3875 beatitudo
1129 3808 1300 3876 haunsnda

97 3915 151 3990 est,
171 3909 307 3977 Domino
335 3911 492 3977 revelante
520 3909 706 3995 aperiantur.
749 3910 801 3978 Sic
825 3909 908 3977 enim
934 3915 968 3978 ot
993 3910 1153 3998 apostolus
1173 3910 1298 3991 Paulus,

96 4014 170 4081 dum
189 4013 224 4098 in
244 4013 295 4079 sia
316 4018 491 4099 prostratura
515 4013 668 4098 corporali
688 4013 757 4079 sisu
782 4014 821 4081 sd
842 4017 964 4100 tempus
984 4013 1094 4093 caruit
1121 4013 1205 4081 intus
1226 4013 1297 4082 illu·

96 4115 232 4182 minetus
251 4113 421 4182 Dominum
442 4113 520 4182 sidit
547 4119 580 4182 et
599 4114 725 4183 audivit
766 4115 818 4184 Sic
844 4111 920 4182 item
948 4116 981 4183 in
1008 4116 1185 4203 paradisum
1212 4122 1244 4184 et
1263 4117 1317 4194 in¹

94 4219 221 4286 tertium
235 4218 355 4285 melum
376 4222 482 4304 raptus
504 4220 579 4285 adeo
601 4223 689 4284 exten
701 4217 840 4303 corporis
860 4241 966 4287 sensns
986 4217 1088 4287 iactas
1108 4223 1163 4302 cst,
1183 4223 1220 4287 nt
1232 4217 1297 4288 sire
1440 4307 1441 4310 Ἴ

94 4323 127 4391 in
148 4345 275 4410 corpore
296 4317 361 4392 sive
375 4327 470 4396 ‚extra
490 4323 659 4410 corpus**)
681 4320 820 4389 nesciret

195 4527 221 4598 ’l
238 4527 307 4582 haec
323 4523 462 4597 particula
478 4525 610 4596 negativa
625 4525 654 4581 in
670 4541 720 4580 ms.
737 4521 951 4581 desiderabatur.

194 4623 237 4700 ”l
252 4627 320 4695 esset
333 4621 413 4690 forts.
