3010 5300
232 453 277 510 44
502 445 685 502 ARNONIS
717 443 1168 502 eltwflltltselteeettsm

229 615 295 691 sed,
314 614 395 680 deut
414 615 461 680 nit
478 617 647 700 apostolus,
673 617 713 684 irs
734 617 891 702 spiritum
913 615 1139 698 vivificantem,
1161 615 1193 680 id
1221 619 1268 680 cst
1295 621 1437 682 mortuos

229 713 386 780 vivificare
413 719 594 804 potentem:
616 716 762 782 nimbum
783 717 911 782 coeteris
939 715 1125 794 bominibus,
1153 715 1279 800 insuper
1307 724 1436 782 verost

228 813 359 900 engolis.
379 814 470 898 qussi
484 815 695 882 -rationulibns
716 815 904 894 volatilibus,
925 815 1075 900 ampliore
1096 813 1249 902 dignitate
1269 817 1434 899 praelatus,

228 915 307 999 quio
320 955 323 963 ·
336 915 454 1000 primus
484 917 580 982 bomo
612 917 726 984 bestias
755 939 791 982 oc
819 922 941 984 eooters
969 916 1074 982 omnio
1103 915 1273 981 animantia
1303 915 1434 982 rationis

226 1016 380 1104 dignitate
400 1039 614 1104 supergressus
635 1023 691 1085 est
732 1017 821 1086 lllius
841 1019 924 1086 enim
945 1017 1108 1103 potcstotis
1129 1038 1192 1084 non
1214 1021 1288 1096 eret
1314 1039 1352 1083 ne
1374 1017 1432 1082 mi·

226 1117 328 1184 nimos
348 1118 473 1202 quidem
501 1119 673 1186 corniculas
695 1119 856 1186 vivificare
898 1119 990 1187 Unde
1015 1120 1055 1186 ad
1082 1118 1310 1184 distinctionem
1338 1119 1432 1203 hurjus

97 1213 186 1294 ’(44)
224 1219 300 1284 novi
320 1219 455 1287 bominis
475 1221 509 1286 in
529 1221 665 1288 nnimom
691 1225 813 1288 tontum
835 1221 990 1286 viventem
1016 1221 1117 1286 factrus
1143 1219 1263 1296 dicitis,
1288 1241 1359 1284 cum
1378 1243 1430 1312 ,re-
1475 1301 1476 1306 ἵ

223 1321 350 1388 tinnulis
378 1321 540 1410 animne†)
572 1323 683 1406 mojori
714 1325 807 1390 leude
838 1323 938 1390 factum
969 1321 1030 1388 diei
1060 1322 1220 1408 potuisset
1262 1319 1325 1387 Iste
1354 1342 1443 1405 vero

222 1423 408 1489 norissimus
428 1423 523 1489 etiem
543 1425 686 1491 homines
706 1425 772 1491 vita
792 1445 856 1490 non
876 1427 978 1491 solum
998 1423 1134 1502 animoli,
1159 1423 1213 1488 sed
1234 1427 1266 1488 et
1285 1423 1428 1508 spirituli,

221 1524 348 1609 insuper
360 1545 434 1590 vero
455 1529 488 1590 et
507 1526 635 1612 angelos
656 1549 718 1592 uno
735 1548 805 1592 eum
826 1527 1004 1592 bominibus
1024 1524 1058 1590 in
1076 1529 1237 1590 oeternum
1251 1523 1428 1590 beatificare

220 1630 254 1690 et
273 1626 340 1691 vita
360 1631 486 1694 osterna
505 1628 619 1693 donnre
644 1632 756 1712 potens
782 1632 836 1694 est
878 1627 969 1694 Unde
995 1631 1028 1692 et
1052 1647 1091 1692 ss.
1112 1625 1253 1710 putribus
1273 1625 1426 1710 Ephesini

219 1727 344 1793 concilii
365 1728 492 1813 placuit,
512 1750 635 1794 caruem
649 1727 745 1794 Verbi
766 1729 996 1794 vivificatricem
1018 1728 1128 1792 debere
1149 1726 1209 1792 diei
1226 1726 1319 1810 juxto
1331 1727 1426 1792 verbo

218 1830 315 1915 ipsine
336 1832 477 1898 veritatis
496 1832 641 1899 dicentis:
663 1833 743 1900 Nisi
761 1833 1039 1900 pseudocomites
1057 1853 1187 1898 comem
1201 1830 1263 1914 filie·
1281 1832 1424 1898 leontinis

216 1942 248 2002 et
267 1936 412 2005 ditm-ilis
433 1937 502 2024 pros
518 1939 724 2025 sospiciosus,
743 1961 816 2006 nors
837 1937 990 2004 lectctitie
1009 1937 1109 2004 vitam
1132 1936 1171 2002 in
1201 1935 1297 2004 eodm.
1333 1935 1425 2003 Unde

217 2043 357 2122 apparet,
370 2059 493 2106 corn·
508 2061 634 2126 quoque
645 2039 741 2106 Verbi
756 2040 877 2106 divinoe
891 2038 1054 2124 potestatis
1069 2044 1101 2103 et
1114 2037 1269 2103 efficacius
1283 2037 1422 2103 existere.

215 2139 343 2205 Etenim
364 2140 519 2207 vivificare
544 2141 662 2208 unimus
691 2142 788 2209 solius
812 2141 933 2208 divinoe
959 2139 1123 2227 potcstotis
1149 2144 1203 2206 est
1245 2140 1342 2225 quue
1363 2161 1422 2226 ego

215 2240 345 2307 antimo
366 2243 501 2310 maxime
522 2265 587 2310 csse
608 2243 790 2330 spiritaliter
810 2265 935 2310 curnem
957 2243 1073 2312 Christi
1094 2243 1279 2317 menducere
1300 2247 1333 2307 et
1352 2264 1439 2306 sesn-¹

212 2343 341 2430 guinem
362 2345 477 2424 bibere,
491 2345 635 2412 videlicet
653 2347 704 2431 pic
725 2370 763 2413 oe
778 2347 929 2414 veraciter
949 2347 1081 2424 medere,
1101 2345 1185 2432 quod
1207 2345 1421 2410 eadem'mun·

213 2444 326 2512 dumis
346 2447 524 2535 etsonguis
552 2447 676 2528 bibitus,
704 2448 840 2535 itemque
866 2454 987 2516 coetera
1015 2446 1200 2532 coeluum
1221 2451 1421 2524 secmmeute,

213 2546 353 2632 ejusdem
383 2550 542 2637 unguinis
570 2551 693 2618 vivifico
711 2553 894 2642 ¹respersione
922 2554 1107 2630 consecrata
1135 2548 1232 2614 vitum
1262 2553 1420 2614 oeternum

212 2651 354 2718 conferre
380 2673 437 2737 per
455 2651 576 2720 unitam
604 2653 691 2721 cerni
718 2655 920 2742 personnliter
948 2659 981 2722 et
1007 2641 1283 2739 supernutu'roliter
1308 2649 1419 2716 divim·

211 2758 319 2836 latent,
340 2755 481 2841 potentia
500 2756 570 2825 sint
609 2757 701 2826 Unde
722 2763 810 2845 poter
830 2758 1025 2847 Augustinus
1046 2759 1084 2824 de
1105 2755 1260 2823 adorando
1281 2753 1418 2820 scabello

209 2857 325 2942 pedum
346 2857 406 2924 Dei
426 2857 460 2924 in
480 2859 672 2944 expositione
690 2861 820 2928 Psalmi:
841 2861 953 2941 Nemo,
974 2862 1027 2940 uit
1048 2882 1172 2927 curnem
1194 2857 1309 2927 christi
1330 2879 1417 2923 mon·

209 2960 311 3039 dneat,
332 2959 392 3025 nisi
412 2959 498 3046 prius
518 2962 700 3031 adoraverit

310 3077 479 3148 Videamus
499 3087 605 3148 nutem
625 3083 719 3167 hujus
739 3085 864 3151 emundi
885 3084 1020 3151 hominis
1041 3085 1080 3150 ed
1100 3084 1235 3169 primum
1257 3083 1415 3149 bominem

97 3263 105 3279 .
208 3181 365 3266 quendam
392 3181 627 3251 similitudinem
655 3191 688 3253 et
715 3187 747 3253 in
775 3186 843 3274 ipso
871 3187 1072 3254 similitudine
1099 3185 1414 3272 superexcellentium.

208 3283 387 3352 Similitudo
406 3308 540 3372 nemque
561 3287 594 3354 in
620 3310 658 3354 eo
683 3293 738 3371 cst
764 3291 846 3377 quio,
872 3289 953 3357 sicut
979 3289 1114 3376 primum
1140 3289 1298 3356 bominem
1318 3287 1414 3356 retio-

208 3388 347 3454 nelitntis
367 3393 400 3454 et
418 3389 628 3456 sensualitatis
648 3391 765 3458 formae
786 3395 891 3459 unitae
911 3393 1113 3478 perfecerunt
1139 3415 1177 3456 ex
1199 3411 1330 3476 quorum
1351 3414 1414 3456 unu

207 3489 336 3576 angelis,
367 3513 405 3557 ex
433 3490 495 3557 eliu
516 3511 589 3557 vero
615 3491 722 3560 bestiis
749 3499 850 3561 terroe
871 3492 1144 3561 consubstantialis
1166 3497 1221 3570 cst,
1242 3492 1288 3558 ita
1304 3513 1412 3558 secun·

206 3593 264 3658 dus
284 3593 379 3659 borno
400 3592 468 3678 ipsa
494 3593 639 3660 meotrice
664 3595 785 3662 reticem
807 3587 839 3664 et
863 3595 1016 3682 sepientis
1037 3617 1108 3663 cum
1133 3594 1336 3661 humanitatis
1356 3617 1411 3660 na-

206 3697 277 3760 tnrs
295 3694 385 3761 unita
409 3685 564 3780 perfectus
589 3695 713 3784 utrique
741 3703 869 3766 noturee
894 3698 1063 3766 subsistens
1089 3701 1180 3763 notus
1201 3701 1257 3776 cst
1283 3717 1411 3763 ex-uno

206 3796 287 3882 poti
308 3801 341 3864 ct
359 3797 482 3884 spiritui
500 3802 617 3879 sancto,
638 3821 676 3866 ex
694 3800 756 3867 nlio
772 3823 845 3868 vero
859 3801 953 3868 matri
970 3800 1123 3886 nobisque
1140 3796 1410 3865 consubstantialis
1430 3827 1434 3838 ·

205 3899 346 3966 moena
387 3897 566 3970 Similitudo
592 3899 687 3968 etiam
707 3901 740 3970 in
761 3925 798 3972 eo
820 3911 875 3984 est
900 3905 992 3991 quod,
1017 3903 1098 3970 meet
1123 3900 1281 3968 hominem
1302 3922 1409 3986 quem·
1440 3913 1443 3919 '

205 3999 282 4067 lubet
314 4005 470 4067 menum
504 4006 606 4068 tetum
644 4007 817 4073 sensuslem
852 4030 890 4073 oe
930 4012 1033 4074 totum
1066 4004 1265 4083 rationalem,
1305 4005 1408 4069 totum

204 4102 359 4168 bominem
388 4124 424 4168 uc
451 4108 552 4169 totum
581 4104 698 4172 animal
726 4108 864 4188 dicimus,
893 4115 987 4194 utque
1015 4107 1092 4174 haec
1112 4107 1151 4174 de
1178 4129 1212 4173 se
1233 4105 1418 4173 conversim*

201 4201 423 4288 praedicamus,
442 4204 590 4273 dicentes:
617 4207 710 4274 Hunc
731 4210 899 4291 hominem,
923 4210 984 4278 hoc
1005 4211 1128 4291 coinred,
1154 4215 1224 4276 ete
1250 4228 1406 4276 converso.

200 4303 272 4372 Hoc
291 4305 436 4378 oenubile
457 4313 505 4374 est
525 4307 686 4390 rutionole,
703 4313 767 4378 vel:
788 4313 857 4379 Hoc
878 4313 1030 4380 rationale
1051 4319 1100 4380 est
1118 4311 1272 4392 sensibile,
1292 4311 1346 4392 ita,
1367 4333 1405 4376 er

199 4427 264 4494 qno
293 4406 446 4494 supientia
473 4409 542 4492 Dei,
567 4412 699 4480 crcotrix
725 4415 874 4496 omnium,
900 4421 1029 4484 nutume
1054 4421 1178 4484 nostroe
1204 4412 1320 4483 muno
1341 4417 1404 4484 Do·

300 4595 437 4672 einim
452 4607 499 4679 ‹u-
515 4639 550 4650 -
566 4611 610 4681 u>
628 4569 759 4670 ecesse
776 4565 821 4684 e)-

901 4738 937 4750 u-
