3010 5300
474 1307 838 1434 ProloguS.

154 1595 293 1661 Diversis
314 1593 435 1660 diversa
456 1596 494 1661 de
515 1595 629 1662 Christi
650 1595 817 1661 secundum
844 1615 968 1660 carnem
988 1596 1145 1676 natalibus
1165 1596 1260 1661 simul

54 1702 87 1762 et
105 1696 215 1784 glorio,
235 1717 298 1780 qua
318 1719 400 1761 nunc
421 1697 503 1781 apud
520 1702 640 1782 patrem
658 1696 858 1784 glorificetur,
876 1696 1088 1776 sentientibus,
1102 1697 1259 1763 nonnullis

54 1820 126 1863 vero
154 1821 193 1863 ex
221 1798 265 1862 eis
294 1799 388 1862 etiem
416 1801 523 1863 nostm
551 1799 633 1863 dictu
660 1799 711 1863 vel
739 1819 828 1862 senso
855 1819 948 1880 super
975 1798 1024 1862 his
1045 1798 1260 1874 hceruntibus,

54 1897 179 1975 insopor
192 1915 265 1958 roro
287 1895 381 1958 otiam
402 1895 482 1957 fuleo
496 1895 647 1975 quondum
669 1893 758 1956 nobis
779 1891 1031 1976 impingentibus,
1044 1892 1260 1974 subsequentis

54 1991 156 2076 operis
177 1990 342 2056 necessitas
371 1990 449 2056 mihi
477 1990 623 2076 imposita
652 1994 706 2056 est
748 1989 838 2068 Quod
865 1995 971 2056 temen
996 1990 1155 2076 epistolari
1175 2011 1259 2056 com·

54 2093 167 2177 pendio
193 2091 352 2158 terminari
379 2091 518 2178 potuisse
546 2093 585 2158 ad
613 2091 724 2158 horum
751 2091 868 2177 putari.
909 2090 970 2159 Sed
989 2092 1063 2158 dum
1083 2092 1135 2158 vel
1153 2095 1261 2158 nostra
1321 2137 1332 2153 .

54 2194 182 2276 assensi,
213 2195 264 2261 vel
296 2194 524 2261 adversantium
555 2194 813 2261 calumniatorum
847 2193 937 2262 dictis
971 2198 1004 2261 et
1037 2193 1261 2280 objectionibus
1391 2213 1395 2218 ·

54 2297 190 2375 obviari:
221 2299 296 2364 dum
323 2297 512 2364 mendaciter
537 2297 625 2364 nobis
653 2297 798 2384 imposito
821 2298 946 2383 depuli:
967 2297 1001 2364 in
1026 2298 1155 2384 longum
1176 2299 1259 2365 idem

53 2421 131 2485 opus
152 2401 341 2486 protelutum
362 2404 416 2486 est
459 2399 548 2478 Quod
569 2405 762 2486 sequestrato
783 2400 918 2486 epistola
938 2400 1177 2488 Apologetionm
1197 2400 1260 2468 dici
1300 2465 1306 2471 ,

53 2502 205 2582 volumus,
233 2525 270 2569 eo
292 2504 375 2588 qnod
397 2502 519 2589 inipso
541 2524 586 2584 eo,
607 2524 693 2588 «quae
722 2525 794 2568 vere
823 2507 930 2569 nostra
951 2503 1135 2582 dictasunt,
1160 2525 1259 2570 nuere

54 2605 215 2690 pravitatis
229 2627 333 2672 essere
354 2610 570 2685 monstrantes,
592 2605 686 2672 etiam
707 2605 786 2672 falso
806 2605 897 2672 nobis
918 2605 1065 2691 imposita
1077 2606 1259 2694 depulimus

54 2707 106 2774 Sic
134 2712 239 2774 nutem
267 2707 484 2793 impulsionem
512 2709 592 2773 hanc
613 2707 869 2775 calumniantium
890 2708 1004 2794 accepi,
1029 2713 1178 2794 tauquam
1203 2732 1261 2796 per

55 2832 107 2876 eos
138 2811 219 2877 inter
246 2811 381 2878 diversas
409 2812 448 2878 de
475 2810 612 2878 Domino
641 2811 830 2877 diversorum
858 2809 1019 2897 opiniones
1048 2810 1149 2896 ipsum
1170 2811 1261 2879 nobis

54 2917 207 2983 dicentem
231 2916 385 2983 audirem:
413 2918 469 2985 Vos
502 2923 609 2985 autern
641 2939 731 3002 quen
764 2939 813 2986 me
848 2939 911 2986 esee
942 2911 1066 2985 dicitis?
1109 2917 1202 3003 Oujru
1227 2923 1261 2984 et

52 3019 247 3106 generationi
268 3020 436 3086 secuudum
450 3041 575 3086 carnem
590 3041 714 3105 quoque
737 3019 953 3100 divinissimae,
974 3019 1068 3086 simul
1089 3026 1121 3086 et
1140 3019 1260 3108 gloriae

54 3145 109 3206 per
129 3122 276 3188 meritum
290 3122 444 3206 passionis
466 3122 561 3188 etiam
573 3121 695 3188 homini
716 3121 750 3187 in
764 3126 912 3208 petemus
932 3121 1105 3205 majestatis
1118 3145 1260 3190 consemu

62 3225 231 3310 requisitae,
258 3246 295 3290 ea
315 3224 480 3291 devotione
500 3225 593 3290 simul
614 3230 647 3291 et
667 3225 789 3290 cautelu
814 3222 1027 3290 testimoninm
1047 3224 1198 3310 perhibui,
1223 3229 1261 3290 ut

44 3321 182 3428 merem,
202 3351 254 3396 me
275 3329 315 3396 ab
336 3329 393 3396 illa
412 3328 498 3396 Petri
520 3328 743 3409 oestificstione,
764 3351 827 3414 qua
847 3329 937 3395 dixit:
967 3329 1018 3396 lu
1044 3351 1075 3396 es
1103 3329 1258 3414 Obrutus,

44 3435 139 3530 ,ilius
165 3435 230 3504 Dei
262 3434 346 3502 oiri!
373 3435 467 3502 simul
495 3438 528 3501 et
555 3434 594 3501 ab
624 3434 694 3501 aliis
714 3434 902 3522 evangelicis
923 3439 956 3500 et
976 3434 1154 3519 apostolicis
1173 3437 1259 3503 testi·

56 3526 58 3538 ’
86 3538 166 3606 oniis
180 3538 316 3606 hominis
330 3537 479 3626 assumpti
494 3537 650 3606 divuuuu
664 3543 697 3606 et
708 3537 829 3626 gloriae
842 3537 1006 3626 perhibitis
1018 3558 1081 3606 non
1096 3539 1260 3609 aberrasse.

55 3717 56 3720 Ἴ
82 3641 202 3709 uamvis
224 3647 328 3709 eutem
349 3641 429 3709 liber
448 3643 515 3728 ipse
536 3643 575 3709 ud
596 3663 760 3729 personam
780 3649 874 3708 unam
895 3641 929 3708 in
950 3640 1121 3728 longinqua
1133 3643 1260 3730 regions

77 3744 190 3811 ositam
218 3744 388 3812 destinntns
415 3743 470 3824 sit,
501 3767 609 3811 omnes
637 3749 754 3824 tumen,
783 3743 838 3830 qui
866 3765 930 3811 non
957 3743 1102 3829 captiose,
1129 3746 1182 3812 sed
1210 3741 1261 3831 pie

44 3837 51 3936 ι,
68 3869 159 3934 egere
179 3853 286 3914 nostra
306 3847 491 3928 curaverint,
520 3851 631 3933 putent
657 3847 718 3914 sibi
743 3869 814 3913 eum
839 3845 1042 3925 destinatum:
1070 3847 1261 3934 adquorum

44 3947 150 4028 letiam
172 3949 429 4017 ammonitionem
447 3953 574 4036 paratis
596 3971 649 4017 ero
670 3948 834 4038 corrigere,
854 3969 1056 4036 quaecunque
1076 3949 1127 4018 rel
1147 3948 1261 4017 rationi
1302 3953 1357 4038 (2)

53 4029 58 4148 l
93 4053 211 4122 ntraria
238 4053 290 4120 vel
318 4077 339 4134 a
365 4057 473 4120 sanctu
505 4036 659 4140 scriptura
689 4052 812 4120 &sons
847 4053 899 4119 vel
928 4055 1106 4120 sanctorum
1137 4057 1262 4138 patrum

104 4156 277 4227 ertionibus
297 4156 425 4224 adverso
444 4156 535 4224 nobis
555 4156 589 4224 in
609 4155 724 4224 nostris
744 4156 955 4224 demonstrare
974 4155 1139 4242 potuerint
1174 4153 1261 4235 Quod
1360 4197 1364 4204 -

100 4259 406 4347 unumquempiam,
434 4260 485 4329 vel
506 4261 583 4328 duos
605 4282 643 4327 ex
668 4260 808 4344 patribus
836 4259 915 4326 citra
942 4281 988 4340 es,
1016 4279 1095 4345 quse
1121 4257 1262 4340 diximus,

44 4421 45 4432 ,
81 4363 237 4451 ,amisisse
250 4361 441 4431 inrenmint:
462 4364 653 4446 obsecrans
672 4363 766 4431 nimis
779 4362 886 4431 festini
906 4363 1004 4431 nosti
1023 4367 1262 4449 nostrorumque

74 4489 207 4562 ,mrum
223 4465 344 4552 judices
364 4467 435 4536 sint
477 4467 561 4536 Nam
581 4467 665 4554 quod
692 4489 772 4534 unus
793 4467 845 4534 rel
871 4467 933 4532 duo
961 4464 1065 4532 minus
1092 4465 1174 4532 forte
1198 4487 1261 4532 uno
1315 4483 1320 4491 ·

44 4565 45 4568 '
86 4589 178 4676 10⁰⁰
200 4569 353 4652 dixeram,
381 4569 421 4636 ub
442 4569 512 4636 aliis
532 4590 597 4635 non
616 4567 745 4636 minoris
766 4566 961 4635 auctoritatis
980 4567 1065 4648 viris,
1091 4567 1143 4633 rel
1163 4566 1202 4634 sb
1223 4567 1262 4633 iis

1088 4685 1104 4740 l
