3010 5300
516 408 856 470 asouooumeus.
1244 417 1282 480 ³1

18 597 19 608 ¹
82 599 154 644 eum
182 579 327 648 dicimus:
354 579 460 647 Homo
481 584 529 647 est
553 581 765 668 omnipotens:
789 581 931 661 Ratione,
958 581 1112 667 inquiunt,
1138 583 1285 650 eousortii

81 703 155 749 vera
183 687 242 760 est;
270 684 427 767 quomodo
457 687 489 751 et
519 684 692 752 albedinem
720 685 837 752 alaram
864 683 966 750 diuers
993 684 1129 752 solemus
1158 691 1285 772 propter

81 783 232 851 elaritatis
263 805 335 852 oum
364 807 401 852 sa
432 784 465 852 in
497 786 637 872 subjecto
669 785 869 854 consortium.
921 785 973 854 sie
1009 785 1093 852 euim
1127 793 1160 854 st
1189 788 1284 855 homo

81 885 276 970 omnipotens
297 886 419 967 dieitur,
439 909 504 954 uon
524 890 608 974 quod
629 889 697 976 ipse
718 889 914 973 omnipotens
934 889 984 968 sit
1005 889 1059 955 sed
1080 891 1165 975 quod
1184 891 1283 958 omni·

80 986 237 1070 potentias
259 987 292 1052 iu
312 987 380 1054 Deo
401 1010 435 1055 se
456 994 631 1057 saumones
652 1012 779 1058 eonsors
801 992 928 1056 effeetus
948 989 998 1057 sit
1353 1013 1361 1028 ·

180 1105 224 1170 Et
243 1105 293 1170 his
314 1107 439 1190 quidem
461 1108 559 1192 tropis
579 1109 613 1174 in
633 1108 828 1175 naturalibus
853 1107 1049 1194 euolastioe†)
1070 1107 1118 1174 uti
1141 1114 1282 1194 possunt3

79 1226 187 1271 verum
212 1206 246 1271 in
273 1209 560 1292 supernaturalibus
580 1209 709 1276 Domini
736 1209 842 1288 nosti.
868 1208 900 1274 id
927 1212 975 1274 eat
994 1207 1119 1288 chtisti,
1146 1211 1281 1278 nonita

77 1306 205 1374 Etenim
225 1329 297 1374 oum
317 1308 456 1389 dieinms,
475 1310 635 1377 hominem
655 1310 747 1378 illum
767 1310 878 1390 Deum,
903 1309 954 1375 vel
975 1330 992 1375 e
1012 1329 1184 1378 converso:
1203 1311 1281 1378 nihil
1319 1313 1391 1396 (ut)

77 1409 264 1476 accidentale
285 1411 324 1476 de
338 1409 461 1479 Christo
482 1413 533 1479 vel
546 1413 584 1480 de
605 1413 731 1480 homine
751 1412 808 1480 illo
828 1415 987 1496 assumpto
1008 1431 1063 1478 seu
1077 1411 1182 1480 Verbo
1196 1435 1279 1482 assu·
1345 1431 1349 1438 ·

77 1516 181 1578 mente
201 1511 340 1593 didimus,
360 1513 415 1580 aed
435 1514 475 1594 id.
489 1517 574 1602 quod
594 1521 686 1583 natus
706 1516 801 1582 homo
822 1513 856 1581 in
869 1513 972 1580 Deum
993 1534 1031 1580 ex
1049 1513 1161 1600 spiritu
1173 1520 1279 1583 musto

67 1615 128 1682 -vel
147 1614 232 1690 Deus
252 1615 287 1682 iu
311 1611 439 1684 himine
464 1623 522 1698 est
544 1618 583 1686 de
607 1622 741 1704 utroque
766 1617 987 1703 praedicamus.
1027 1615 1140 1703 Neque
1160 1618 1278 1706 praedi·

75 1721 182 1784 uatum
202 1740 266 1784 uou
287 1719 326 1784 ad
346 1741 470 1786 oausam
490 1720 637 1813 redditur.
678 1721 804 1788 Etenim
829 1718 888 1786 etsi
912 1739 984 1798 non,
1009 1718 1084 1805 quia
1108 1720 1203 1787 homo
1223 1725 1279 1801 eet

75 1819 161 1886 Deus
174 1826 230 1901 est
249 1825 353 1888 tamen
368 1821 443 1908 quie
463 1822 518 1890 ille
535 1823 630 1890 homo
652 1827 707 1904 est
727 1823 783 1908 qui
804 1843 843 1889 ex
859 1821 971 1906 spiritu
990 1825 1098 1888 emoto
1118 1827 1210 1890 nutus
1223 1828 1278 1904 eet,
1343 1819 1345 1824 ’

74 1922 160 1990 Deus
180 1929 235 1992 est
277 1923 338 2005 Qui
364 1925 459 1993 homo
485 1925 579 1992 etiam
603 1925 800 2012 omnipotens
824 1930 908 1992 reete
932 1923 1129 2011 praedicatur
1150 1931 1278 2013 propter

74 2048 171 2107 suam,
197 2027 229 2094 id
250 2032 297 2094 est
316 2026 377 2094 sibi
402 2050 440 2095 ex
465 2028 577 2116 spiritu
598 2034 706 2096 saneto
727 2027 866 2096 innatam
892 2027 1062 2095 divinitatis
1083 2028 1276 2115 omnipoten-

73 2130 160 2210 tiam,
192 2135 224 2196 et
248 2152 312 2198 uon
339 2135 468 2218 propter
495 2153 572 2211 eam,
601 2153 682 2217 quae
709 2131 769 2199 sibi
797 2151 868 2198 eum
888 2129 956 2198 Deo
982 2129 1103 2198 ratione
1130 2130 1276 2198 eonsortii

73 2230 246 2298 eommunis
275 2232 325 2299 sit
376 2233 503 2300 Etenim
536 2233 763 2319 omnipotentia
792 2254 856 2299 uon
886 2232 1056 2300 divinitatis
1086 2254 1212 2302 oousore
1242 2233 1276 2299 in

56 2333 207 2416 homins,
234 2335 289 2402 sed
318 2334 423 2422 potius
449 2334 518 2422 ipsa
546 2335 690 2403 divinitas
721 2339 791 2403 est:
812 2339 844 2402 et
871 2334 1033 2421 quodlibet
1058 2334 1180 2415 horum,
1209 2335 1275 2403 sive

71 2437 266 2505 divinitatum
290 2438 355 2506 sive
385 2439 643 2526 omnipotentiam
667 2440 706 2508 da
731 2439 857 2506 homine
882 2437 1115 2524 praedicaveris,
1142 2437 1274 2506 alterum

71 2540 270 2626 pinedionsti
293 2541 451 2624 Similiter,
464 2543 609 2630 quotiens
629 2543 662 2610 iu
676 2541 903 2628 praedieatione
923 2561 1020 2606 unum
1033 2541 1148 2607 horum
1167 2562 1273 2627 super·

71 2643 278 2732 posueris,††)
300 2645 434 2712 altem
454 2645 651 2732 supposuisti
693 2643 821 2712 Etenim
841 2644 927 2712 Deus
947 2643 1008 2711 hoo
1028 2642 1096 2730 ipso
1116 2663 1189 2724 uno,
1210 2664 1273 2728 quo

70 2745 155 2814 Deus
175 2733 224 2814 eei
244 2753 276 2816 et
295 2748 380 2835 quod
401 2749 487 2816 Deus
507 2753 563 2829 eet
588 2752 636 2815 est
659 2750 771 2826 totum,
797 2747 883 2833 quod
905 2749 960 2826 sut,
984 2746 1050 2813 sive
1071 2745 1273 2831 omnipotens.

69 2848 133 2916 siva
154 2849 330 2931 immensus,
350 2851 415 2919 aive
435 2855 587 2930 aeternus,
614 2849 679 2917 siva
700 2849 905 2918 essentialiter
924 2848 1033 2928 bouus,
1058 2851 1091 2914 et
1111 2847 1274 2934 quodlibet

69 2950 107 3017 de
127 2950 195 3020 Deo
216 2952 281 3020 sive
302 2953 463 3021 divinitate
490 2974 627 3040 congrue
654 2957 687 3019 et
710 2973 782 3018 vere
806 2951 927 3030 diuitum,
956 2951 1016 3018 hoo
1043 2949 1111 3017 solo
1133 2954 1272 3036 meapte,

20 3103 22 3108 ,
69 3054 153 3138 quod
172 3077 236 3123 non
256 3055 427 3138 divinitate,
451 3056 505 3124 sed
529 3054 723 3123 humanitate
749 3053 845 3120 homo
874 3055 933 3131 est;
960 3052 1016 3138 qui
1043 3056 1149 3119 umen
1176 3051 1271 3118 homo

68 3155 229 3252 divinitate
257 3158 453 3245 omnipotens
480 3160 575 3228 homo
597 3163 652 3240 est,
678 3156 706 3224 ai
727 3156 852 3244 quidem
873 3160 959 3223 totua
978 3154 1033 3222 ille
1054 3154 1158 3234 homo,
1186 3158 1219 3220 et
1238 3152 1272 3219 in

68 3279 105 3325 eo
125 3259 203 3346 ipso,
223 3260 308 3347 quod
329 3266 376 3328 est
395 3260 499 3342 homo,
520 3262 558 3329 de
578 3262 665 3328 eaelo
679 3259 819 3329 caelestis
839 3262 895 3340 est
916 3260 1025 3343 utpote
1046 3257 1212 3324 caelestem
1231 3275 1271 3322 ex

67 3361 178 3449 spiritu
209 3367 316 3432 saneto
346 3369 379 3432 et
404 3363 520 3434 virtute
545 3363 689 3434 altissimi
717 3361 861 3432 obtinens
889 3359 1060 3430 nativitatis
1085 3360 1214 3427 modum
1238 3361 1272 3426 et

67 3486 199 3536 eausam

166 3587 228 3658 Sed
254 3587 367 3675 etqui
394 3589 665 3656 detemiuutiones
693 3585 890 3673 apponendas
916 3584 968 3651 vel
994 3581 1271 3671 subintelligendus

66 3702 217 3777 eemeaut
244 3694 305 3762 hoo
325 3694 434 3763 modo:
462 3693 602 3763 Chiistus
629 3691 798 3759 seeundum
818 3686 1012 3756 divinitatem
1032 3689 1080 3753 est
1100 3684 1194 3767 Deus,
1221 3705 1269 3754 ae·

66 3798 200 3866 eundum
220 3797 447 3864 humanitatem
468 3799 515 3864 est
541 3795 651 3875 hom03
677 3794 742 3861 vel:
762 3791 867 3859 Homo
888 3791 1057 3858 seeundum
1077 3785 1269 3856 divinitatem

18 3905 19 3914 ’
66 3905 113 3966 est
126 3901 220 3980 Deus,
240 3905 280 3980 et
293 3900 379 3967 Deus
401 3899 569 3966 seeundum
589 3895 816 3964 humanitatem
828 3897 877 3960 est
896 3893 1006 3971 homo;
1025 3891 1113 3958 item:
1128 3889 1269 3959 Ohrhtus

65 4003 232 4071 seeundum
253 4002 448 4071 divinitatem
468 4005 517 4069 ast
536 3999 619 4067 illius
639 3997 699 4066 Dei
721 4000 753 4064 et
772 4017 836 4063 uon
856 3993 1001 4075 hominis,
1021 3992 1189 4061 seeundum
1209 3991 1268 4059 hu·

65 4107 247 4175 manitatem
267 4109 315 4173 est
334 4104 418 4174 filius
438 4102 574 4173 hominis
596 4106 711 4169 utnon
724 4099 791 4168 Dei
823 4099 869 4167 At
888 4118 947 4166 nos
966 4119 1031 4165 uon
1051 4093 1268 4164 itaOhristum

29 4221 30 4224 ’
65 4207 235 4292 didicimus,
261 4231 319 4276 uae
339 4209 379 4276 ab
400 4204 607 4295 evmgelistis.
634 4203 782 4291 apostolis
802 4201 853 4270 uel
880 4201 1020 4288 patuibus
1048 4198 1094 4265 ita
1120 4197 1214 4265 iidem
1233 4197 1267 4265 in

65 4307 221 4378 Chiistum
236 4310 337 4377 edoeti
357 4330 472 4376 sumus
502 4307 603 4398 Deest
616 4307 700 4372 enim
719 4327 770 4372 me
784 4303 882 4371 huone
896 4300 1093 4390 evangelista
1110 4299 1267 4368 chdstum

64 4401 1266 4496 etiueasubstuntiaquaedevirgiueaumptaestessefiliumDa'a

63 4537 264 4557 ψ-

130 4607 136 4680 j
161 4599 189 4671 ῒ)
206 4595 369 4655 ⁸⁰¹¹0l⁸⁸fl⁰0
385 4595 431 4668 o).
448 4623 483 4636 -
498 4593 544 4664 u>
561 4589 734 4664 supponem
750 4591 796 4662 (t)-
856 4637 858 4643 .
