<?xml version="1.0" encoding="UTF-8"?>
<!DOCTYPE html PUBLIC "-//W3C//DTD XHTML 1.0 Transitional//EN"
    "http://www.w3.org/TR/xhtml1/DTD/xhtml1-transitional.dtd">
<html xmlns="http://www.w3.org/1999/xhtml" xml:lang="en" lang="en">
 <head>
  <title>
</title>
<meta http-equiv="Content-Type" content="text/html;charset=utf-8" />
  <meta name='ocr-system' content='tesseract 3.04.00' />
  <meta name='ocr-capabilities' content='ocr_page ocr_carea ocr_par ocr_line ocrx_word'/>
</head>
<body>
  <div class='ocr_page' id='page_1' title='image "arnonisreichers00arnogoog_0074.png"; bbox 0 0 3010 5300; ppageno 0'>
   <div class='ocr_carea' id='block_1_1' title="bbox 218 409 1149 480">
    <p class='ocr_par' dir='ltr' id='par_1_1' title="bbox 218 409 1149 480">
     <span class='ocr_line' id='line_1_1' title="bbox 218 409 1149 480; baseline -0.003 -10"><span class='ocrx_word' id='word_1_1' title='bbox 218 417 260 480; x_wconf 72' lang='grc'><strong>56</strong></span> <span class='ocrx_word' id='word_1_2' title='bbox 494 411 678 470; x_wconf 66' lang='lat' dir='ltr'><strong>eunome</strong></span> <span class='ocrx_word' id='word_1_3' title='bbox 699 409 1149 469; x_wconf 72' lang='lat' dir='ltr'><strong>nmcnnssl’nsonnsls</strong></span> 
     </span>
    </p>
   </div>
   <div class='ocr_carea' id='block_1_2' title="bbox 125 580 1469 4560">
    <p class='ocr_par' dir='ltr' id='par_1_2' title="bbox 216 580 1469 2006">
     <span class='ocr_line' id='line_1_2' title="bbox 321 580 1420 668; baseline 0 -20"><span class='ocrx_word' id='word_1_4' title='bbox 321 580 395 648; x_wconf 78' lang='lat' dir='ltr'><strong>Fuit</strong></span> <span class='ocrx_word' id='word_1_5' title='bbox 422 585 528 649; x_wconf 87' lang='lat' dir='ltr'><strong>autem</strong></span> <span class='ocrx_word' id='word_1_6' title='bbox 548 585 581 649; x_wconf 85' lang='lat' dir='ltr'><strong>et</strong></span> <span class='ocrx_word' id='word_1_7' title='bbox 599 581 666 650; x_wconf 90' lang='lat' dir='ltr'><strong>illic</strong></span> <span class='ocrx_word' id='word_1_8' title='bbox 690 582 786 650; x_wconf 73' lang='lat' dir='ltr'><strong>enutio</strong></span> <span class='ocrx_word' id='word_1_9' title='bbox 812 581 1024 668; x_wconf 84' lang='lat' dir='ltr'><strong>quaedam.et</strong></span> <span class='ocrx_word' id='word_1_10' title='bbox 1042 580 1122 648; x_wconf 83' lang='lat' dir='ltr'><strong>rstio</strong></span> <span class='ocrx_word' id='word_1_11' title='bbox 1150 581 1214 648; x_wconf 87' lang='lat' dir='ltr'><strong>dati</strong></span> <span class='ocrx_word' id='word_1_12' title='bbox 1234 585 1267 648; x_wconf 88' lang='lat' dir='ltr'><strong>ct</strong></span> <span class='ocrx_word' id='word_1_13' title='bbox 1293 581 1420 666; x_wconf 89' lang='lat' dir='ltr'><strong>ecoepti,</strong></span> 
     </span>
     <span class='ocr_line' id='line_1_3' title="bbox 216 682 1420 770; baseline 0 -22"><span class='ocrx_word' id='word_1_14' title='bbox 216 705 293 748; x_wconf 88' lang='lat' dir='ltr'><strong>cnm</strong></span> <span class='ocrx_word' id='word_1_15' title='bbox 313 688 439 750; x_wconf 87' lang='lat' dir='ltr'><strong>nosmet</strong></span> <span class='ocrx_word' id='word_1_16' title='bbox 456 683 542 770; x_wconf 87' lang='lat' dir='ltr'><strong>ipsos</strong></span> <span class='ocrx_word' id='word_1_17' title='bbox 561 705 730 770; x_wconf 87' lang='lat' dir='ltr'><strong>omnesque</strong></span> <span class='ocrx_word' id='word_1_18' title='bbox 753 683 891 769; x_wconf 83' lang='lat' dir='ltr'><strong>corporis</strong></span> <span class='ocrx_word' id='word_1_19' title='bbox 911 682 1011 749; x_wconf 74' lang='lat' dir='ltr'><strong>noeti</strong></span> <span class='ocrx_word' id='word_1_20' title='bbox 1035 683 1217 769; x_wconf 88' lang='lat' dir='ltr'><strong>animaeque</strong></span> <span class='ocrx_word' id='word_1_21' title='bbox 1237 703 1274 750; x_wconf 90' lang='lat' dir='ltr'><strong>ac</strong></span> <span class='ocrx_word' id='word_1_22' title='bbox 1292 682 1420 767; x_wconf 87' lang='lat' dir='ltr'><strong>spiritus</strong></span> 
     </span>
     <span class='ocr_line' id='line_1_4' title="bbox 216 783 1421 872; baseline 0 -22"><span class='ocrx_word' id='word_1_23' title='bbox 216 805 333 850; x_wconf 77' lang='lat' dir='ltr'><strong>semus</strong></span> <span class='ocrx_word' id='word_1_24' title='bbox 352 784 543 852; x_wconf 80' lang='lat' dir='ltr'><strong>voluntarise</strong></span> <span class='ocrx_word' id='word_1_25' title='bbox 563 785 732 852; x_wconf 80' lang='lat' dir='ltr'><strong>divinitatis</strong></span> <span class='ocrx_word' id='word_1_26' title='bbox 756 783 926 872; x_wconf 73' lang='lat' dir='ltr'><strong>cognitioni</strong></span> <span class='ocrx_word' id='word_1_27' title='bbox 946 787 978 849; x_wconf 86' lang='lat' dir='ltr'><strong>et</strong></span> <span class='ocrx_word' id='word_1_28' title='bbox 1002 783 1187 870; x_wconf 85' lang='lat' dir='ltr'><strong>subjectioni</strong></span> <span class='ocrx_word' id='word_1_29' title='bbox 1207 783 1421 870; x_wconf 76' lang='lat' dir='ltr'><strong>impendimus,</strong></span> 
     </span>
     <span class='ocr_line' id='line_1_5' title="bbox 216 885 1421 975; baseline -0.001 -23"><span class='ocrx_word' id='word_1_30' title='bbox 216 885 1056 975; x_wconf 82' lang='lat' dir='ltr'><strong>utDeumetqueeDeisuntineisdemsensibus</strong></span> <span class='ocrx_word' id='word_1_31' title='bbox 1080 885 1421 974; x_wconf 70' lang='lat' dir='ltr'><strong>nostrisquasivasis,</strong></span> 
     </span>
     <span class='ocr_line' id='line_1_6' title="bbox 216 981 1420 1076; baseline -0.002 -18"><span class='ocrx_word' id='word_1_32' title='bbox 216 1011 276 1074; x_wconf 84' lang='lat' dir='ltr'><strong>per</strong></span> <span class='ocrx_word' id='word_1_33' title='bbox 296 989 550 1058; x_wconf 63' lang='grc' dir='ltr'><strong>ιαυποοϋοιιοω</strong></span> <span class='ocrx_word' id='word_1_34' title='bbox 577 981 733 1058; x_wconf 72' lang='lat' dir='ltr'><strong>inndvans</strong></span> <span class='ocrx_word' id='word_1_35' title='bbox 758 988 950 1074; x_wconf 78' lang='lat' dir='ltr'><strong>recipiamus</strong></span> <span class='ocrx_word' id='word_1_36' title='bbox 991 987 1066 1057; x_wconf 80' lang='lat' dir='ltr'><strong>non</strong></span> <span class='ocrx_word' id='word_1_37' title='bbox 1090 991 1174 1076; x_wconf 88' lang='lat' dir='ltr'><strong>quod</strong></span> <span class='ocrx_word' id='word_1_38' title='bbox 1201 989 1286 1075; x_wconf 75' lang='lat' dir='ltr'><strong>psius</strong></span> <span class='ocrx_word' id='word_1_39' title='bbox 1313 990 1420 1056; x_wconf 89' lang='lat' dir='ltr'><strong>demus</strong></span> 
     </span>
     <span class='ocr_line' id='line_1_7' title="bbox 216 1091 1469 1180; baseline 0.001 -23"><span class='ocrx_word' id='word_1_40' title='bbox 216 1113 278 1157; x_wconf 87' lang='lat' dir='ltr'><strong>nos</strong></span> <span class='ocrx_word' id='word_1_41' title='bbox 298 1097 337 1158; x_wconf 89' lang='lat' dir='ltr'><strong>et</strong></span> <span class='ocrx_word' id='word_1_42' title='bbox 354 1093 541 1160; x_wconf 73' lang='lat' dir='ltr'><strong>telsibustu</strong></span> <span class='ocrx_word' id='word_1_43' title='bbox 561 1093 658 1173; x_wconf 81' lang='lat' dir='ltr'><strong>nobis.</strong></span> <span class='ocrx_word' id='word_1_44' title='bbox 683 1093 737 1160; x_wconf 88' lang='lat' dir='ltr'><strong>sed</strong></span> <span class='ocrx_word' id='word_1_45' title='bbox 757 1092 842 1177; x_wconf 90' lang='lat' dir='ltr'><strong>quod</strong></span> <span class='ocrx_word' id='word_1_46' title='bbox 859 1092 927 1158; x_wconf 91' lang='lat' dir='ltr'><strong>Deo</strong></span> <span class='ocrx_word' id='word_1_47' title='bbox 948 1091 1051 1178; x_wconf 84' lang='lat' dir='ltr'><strong>priore</strong></span> <span class='ocrx_word' id='word_1_48' title='bbox 1071 1113 1128 1159; x_wconf 86' lang='lat' dir='ltr'><strong>nos</strong></span> <span class='ocrx_word' id='word_1_49' title='bbox 1148 1091 1290 1180; x_wconf 79' lang='lat' dir='ltr'><strong>diligenti</strong></span> <span class='ocrx_word' id='word_1_50' title='bbox 1307 1091 1419 1158; x_wconf 89' lang='lat' dir='ltr'><strong>ultimo</strong></span> <span class='ocrx_word' id='word_1_51' title='bbox 1458 1111 1469 1130; x_wconf 87' lang='lat'><strong>··</strong></span> 
     </span>
     <span class='ocr_line' id='line_1_8' title="bbox 217 1193 1420 1282; baseline 0.002 -23"><span class='ocrx_word' id='word_1_52' title='bbox 217 1194 434 1274; x_wconf 84' lang='lat' dir='ltr'><strong>obaudiamus,</strong></span> <span class='ocrx_word' id='word_1_53' title='bbox 452 1195 619 1282; x_wconf 74' lang='lat' dir='ltr'><strong>diligentes</strong></span> <span class='ocrx_word' id='word_1_54' title='bbox 638 1195 743 1282; x_wconf 88' lang='lat' dir='ltr'><strong>ipsum</strong></span> <span class='ocrx_word' id='word_1_55' title='bbox 763 1197 891 1280; x_wconf 83' lang='lat' dir='ltr'><strong>prepter</strong></span> <span class='ocrx_word' id='word_1_56' title='bbox 909 1193 1021 1278; x_wconf 86' lang='lat' dir='ltr'><strong>ipsum,</strong></span> <span class='ocrx_word' id='word_1_57' title='bbox 1040 1193 1122 1262; x_wconf 89' lang='lat' dir='ltr'><strong>sicut</strong></span> <span class='ocrx_word' id='word_1_58' title='bbox 1141 1196 1180 1262; x_wconf 90' lang='lat' dir='ltr'><strong>ab</strong></span> <span class='ocrx_word' id='word_1_59' title='bbox 1198 1216 1235 1263; x_wconf 91' lang='lat' dir='ltr'><strong>eo</strong></span> <span class='ocrx_word' id='word_1_60' title='bbox 1256 1194 1354 1282; x_wconf 81' lang='lat' dir='ltr'><strong>gratis</strong></span> <span class='ocrx_word' id='word_1_61' title='bbox 1374 1193 1420 1261; x_wconf 94' lang='lat' dir='ltr'><strong>di·</strong></span> 
     </span>
     <span class='ocr_line' id='line_1_9' title="bbox 217 1294 1421 1384; baseline 0.002 -22"><span class='ocrx_word' id='word_1_62' title='bbox 217 1294 296 1362; x_wconf 87' lang='lat' dir='ltr'><strong>leoli</strong></span> <span class='ocrx_word' id='word_1_63' title='bbox 317 1318 430 1366; x_wconf 68' lang='lat' dir='ltr'><strong>nun</strong></span> <span class='ocrx_word' id='word_1_64' title='bbox 464 1295 558 1364; x_wconf 86' lang='lat' dir='ltr'><strong>Hunc</strong></span> <span class='ocrx_word' id='word_1_65' title='bbox 571 1302 677 1365; x_wconf 63' lang='lat' dir='ltr'><strong>auum</strong></span> <span class='ocrx_word' id='word_1_66' title='bbox 694 1317 839 1365; x_wconf 89' lang='lat' dir='ltr'><strong>sensuum</strong></span> <span class='ocrx_word' id='word_1_67' title='bbox 853 1299 1030 1362; x_wconf 81' lang='lat' dir='ltr'><strong>nostsonsm</strong></span> <span class='ocrx_word' id='word_1_68' title='bbox 1043 1296 1235 1384; x_wconf 78' lang='lat' dir='ltr'><strong>bipartitum</strong></span> <span class='ocrx_word' id='word_1_69' title='bbox 1247 1297 1421 1384; x_wconf 76' lang='lat' dir='ltr'><strong>proiectum</strong></span> 
     </span>
     <span class='ocr_line' id='line_1_10' title="bbox 218 1397 1421 1487; baseline 0.002 -23"><span class='ocrx_word' id='word_1_70' title='bbox 218 1397 272 1466; x_wconf 81' lang='lat' dir='ltr'><strong>vel</strong></span> <span class='ocrx_word' id='word_1_71' title='bbox 292 1403 409 1467; x_wconf 74' lang='lat' dir='ltr'><strong>statum</strong></span> <span class='ocrx_word' id='word_1_72' title='bbox 426 1397 522 1466; x_wconf 80' lang='lat' dir='ltr'><strong>etiam</strong></span> <span class='ocrx_word' id='word_1_73' title='bbox 535 1399 568 1466; x_wconf 91' lang='lat' dir='ltr'><strong>in</strong></span> <span class='ocrx_word' id='word_1_74' title='bbox 587 1400 648 1467; x_wconf 86' lang='lat' dir='ltr'><strong>fine</strong></span> <span class='ocrx_word' id='word_1_75' title='bbox 668 1401 838 1486; x_wconf 82' lang='lat' dir='ltr'><strong>prophetoe</strong></span> <span class='ocrx_word' id='word_1_76' title='bbox 851 1398 990 1466; x_wconf 75' lang='lat' dir='ltr'><strong>Danielis</strong></span> <span class='ocrx_word' id='word_1_77' title='bbox 1007 1400 1111 1487; x_wconf 76' lang='lat' dir='ltr'><strong>angeli</strong></span> <span class='ocrx_word' id='word_1_78' title='bbox 1130 1400 1231 1468; x_wconf 80' lang='lat' dir='ltr'><strong>verbis</strong></span> <span class='ocrx_word' id='word_1_79' title='bbox 1244 1423 1421 1487; x_wconf 86' lang='lat' dir='ltr'><strong>expressum</strong></span> 
     </span>
     <span class='ocr_line' id='line_1_11' title="bbox 217 1504 1422 1592; baseline 0.003 -22"><span class='ocrx_word' id='word_1_80' title='bbox 217 1504 410 1572; x_wconf 77' lang='lat' dir='ltr'><strong>advestimns</strong></span> <span class='ocrx_word' id='word_1_81' title='bbox 436 1505 577 1572; x_wconf 67' lang='lat' dir='ltr'><strong>dicentia</strong></span> <span class='ocrx_word' id='word_1_82' title='bbox 605 1507 729 1574; x_wconf 80' lang='lat' dir='ltr'><strong>Beatus</strong></span> <span class='ocrx_word' id='word_1_83' title='bbox 757 1506 816 1590; x_wconf 76' lang='lat' dir='ltr'><strong>put</strong></span> <span class='ocrx_word' id='word_1_84' title='bbox 840 1509 1009 1592; x_wconf 66' lang='lat' dir='ltr'><strong>aspectet</strong></span> <span class='ocrx_word' id='word_1_85' title='bbox 1042 1511 1072 1575; x_wconf 85' lang='lat' dir='ltr'><strong>et</strong></span> <span class='ocrx_word' id='word_1_86' title='bbox 1099 1508 1248 1592; x_wconf 69' lang='lat' dir='ltr'><strong>pocenit</strong></span> <span class='ocrx_word' id='word_1_87' title='bbox 1277 1507 1321 1574; x_wconf 87' lang='lat' dir='ltr'><strong>cd</strong></span> <span class='ocrx_word' id='word_1_88' title='bbox 1353 1507 1422 1574; x_wconf 84' lang='lat' dir='ltr'><strong>dies</strong></span> 
     </span>
     <span class='ocr_line' id='line_1_12' title="bbox 219 1609 1421 1700; baseline 0.002 -22"><span class='ocrx_word' id='word_1_89' title='bbox 219 1609 314 1678; x_wconf 69' lang='lat' dir='ltr'><strong>niue</strong></span> <span class='ocrx_word' id='word_1_90' title='bbox 343 1615 494 1681; x_wconf 78' lang='lat' dir='ltr'><strong>trecentos</strong></span> <span class='ocrx_word' id='word_1_91' title='bbox 526 1614 680 1699; x_wconf 65' lang='lat' dir='ltr'><strong>peinqsse</strong></span> <span class='ocrx_word' id='word_1_92' title='bbox 723 1611 871 1691; x_wconf 79' lang='lat' dir='ltr'><strong>Quemvis</strong></span> <span class='ocrx_word' id='word_1_93' title='bbox 898 1611 981 1678; x_wconf 85' lang='lat' dir='ltr'><strong>enim</strong></span> <span class='ocrx_word' id='word_1_94' title='bbox 1008 1611 1070 1680; x_wconf 87' lang='lat' dir='ltr'><strong>ista</strong></span> <span class='ocrx_word' id='word_1_95' title='bbox 1095 1613 1215 1682; x_wconf 89' lang='lat' dir='ltr'><strong>dierum</strong></span> <span class='ocrx_word' id='word_1_96' title='bbox 1246 1613 1421 1700; x_wconf 83' lang='lat' dir='ltr'><strong>quantitate</strong></span> 
     </span>
     <span class='ocr_line' id='line_1_13' title="bbox 218 1711 1421 1804; baseline 0.003 -26"><span class='ocrx_word' id='word_1_97' title='bbox 218 1711 304 1779; x_wconf 88' lang='lat' dir='ltr'><strong>illud</strong></span> <span class='ocrx_word' id='word_1_98' title='bbox 327 1713 451 1782; x_wconf 82' lang='lat' dir='ltr'><strong>beetnm</strong></span> <span class='ocrx_word' id='word_1_99' title='bbox 479 1721 511 1782; x_wconf 89' lang='lat' dir='ltr'><strong>et</strong></span> <span class='ocrx_word' id='word_1_100' title='bbox 536 1719 698 1802; x_wconf 86' lang='lat' dir='ltr'><strong>acceptum</strong></span> <span class='ocrx_word' id='word_1_101' title='bbox 725 1719 847 1801; x_wconf 79' lang='lat' dir='ltr'><strong>tempus</strong></span> <span class='ocrx_word' id='word_1_102' title='bbox 867 1716 969 1782; x_wconf 82' lang='lat' dir='ltr'><strong>valeat</strong></span> <span class='ocrx_word' id='word_1_103' title='bbox 989 1715 1132 1804; x_wconf 79' lang='lat' dir='ltr'><strong>intelligi,</strong></span> <span class='ocrx_word' id='word_1_104' title='bbox 1159 1717 1245 1803; x_wconf 89' lang='lat' dir='ltr'><strong>quod</strong></span> <span class='ocrx_word' id='word_1_105' title='bbox 1268 1715 1421 1782; x_wconf 90' lang='lat' dir='ltr'><strong>Dominus</strong></span> 
     </span>
     <span class='ocr_line' id='line_1_14' title="bbox 219 1814 1437 1903; baseline 0.001 -22"><span class='ocrx_word' id='word_1_106' title='bbox 219 1814 317 1882; x_wconf 85' lang='lat' dir='ltr'><strong>Jesns</strong></span> <span class='ocrx_word' id='word_1_107' title='bbox 348 1821 419 1902; x_wconf 83' lang='lat' dir='ltr'><strong>post</strong></span> <span class='ocrx_word' id='word_1_108' title='bbox 452 1817 641 1902; x_wconf 72' lang='lat' dir='ltr'><strong>baptismum</strong></span> <span class='ocrx_word' id='word_1_109' title='bbox 675 1839 765 1884; x_wconf 90' lang='lat' dir='ltr'><strong>suum</strong></span> <span class='ocrx_word' id='word_1_110' title='bbox 800 1817 1003 1902; x_wconf 85' lang='lat' dir='ltr'><strong>prnedicnndo</strong></span> <span class='ocrx_word' id='word_1_111' title='bbox 1035 1821 1067 1884; x_wconf 90' lang='lat' dir='ltr'><strong>et</strong></span> <span class='ocrx_word' id='word_1_112' title='bbox 1100 1819 1250 1885; x_wconf 77' lang='lat' dir='ltr'><strong>miracula</strong></span> <span class='ocrx_word' id='word_1_113' title='bbox 1281 1818 1437 1903; x_wconf 74' lang='lat' dir='ltr'><strong>faciendo¹</strong></span> 
     </span>
     <span class='ocr_line' id='line_1_15' title="bbox 220 1918 1420 2006; baseline 0 -20"><span class='ocrx_word' id='word_1_114' title='bbox 220 1922 404 2004; x_wconf 72' lang='lat' dir='ltr'><strong>mbnspue</strong></span> <span class='ocrx_word' id='word_1_115' title='bbox 431 1919 588 2006; x_wconf 87' lang='lat' dir='ltr'><strong>passiones</strong></span> <span class='ocrx_word' id='word_1_116' title='bbox 609 1923 642 1986; x_wconf 87' lang='lat' dir='ltr'><strong>ct</strong></span> <span class='ocrx_word' id='word_1_117' title='bbox 667 1918 797 2005; x_wconf 84' lang='lat' dir='ltr'><strong>injurios</strong></span> <span class='ocrx_word' id='word_1_118' title='bbox 823 1919 1014 2006; x_wconf 78' lang='lat' dir='ltr'><strong>perferendo,</strong></span> <span class='ocrx_word' id='word_1_119' title='bbox 1041 1921 1095 1986; x_wconf 91' lang='lat' dir='ltr'><strong>sed</strong></span> <span class='ocrx_word' id='word_1_120' title='bbox 1116 1925 1148 1987; x_wconf 89' lang='lat' dir='ltr'><strong>et</strong></span> <span class='ocrx_word' id='word_1_121' title='bbox 1174 1919 1311 1987; x_wconf 87' lang='lat' dir='ltr'><strong>crebrius</strong></span> <span class='ocrx_word' id='word_1_122' title='bbox 1332 1919 1420 1986; x_wconf 89' lang='lat' dir='ltr'><strong>disci·</strong></span> 
     </span>
    </p>

    <p class='ocr_par' dir='ltr' id='par_1_3' title="bbox 171 2009 1423 2721">
     <span class='ocr_line' id='line_1_16' title="bbox 171 2009 1421 2107; baseline -0.002 -19"><span class='ocrx_word' id='word_1_123' title='bbox 171 2009 177 2020; x_wconf 71' lang='grc'><strong><em>’</em></strong></span> <span class='ocrx_word' id='word_1_124' title='bbox 221 2021 308 2104; x_wconf 90' lang='lat' dir='ltr'><strong>pulis</strong></span> <span class='ocrx_word' id='word_1_125' title='bbox 336 2026 408 2107; x_wconf 87' lang='lat' dir='ltr'><strong>post</strong></span> <span class='ocrx_word' id='word_1_126' title='bbox 434 2021 688 2088; x_wconf 67' lang='lat' dir='ltr'><strong>medonem</strong></span> <span class='ocrx_word' id='word_1_127' title='bbox 719 2044 807 2088; x_wconf 73' lang='lat' dir='ltr'><strong>slsum</strong></span> <span class='ocrx_word' id='word_1_128' title='bbox 834 2023 1011 2106; x_wconf 85' lang='lat' dir='ltr'><strong>apparendo</strong></span> <span class='ocrx_word' id='word_1_129' title='bbox 1047 2035 1231 2088; x_wconf 81' lang='lat' dir='ltr'><strong>convescens</strong></span> <span class='ocrx_word' id='word_1_130' title='bbox 1265 2023 1298 2088; x_wconf 94' lang='lat' dir='ltr'><strong>in</strong></span> <span class='ocrx_word' id='word_1_131' title='bbox 1331 2021 1421 2088; x_wconf 86' lang='lat' dir='ltr'><strong>tenis</strong></span> 
     </span>
     <span class='ocr_line' id='line_1_17' title="bbox 221 2126 1422 2214; baseline 0.002 -23"><span class='ocrx_word' id='word_1_132' title='bbox 221 2126 352 2214; x_wconf 78' lang='lat' dir='ltr'><strong>peregit,</strong></span> <span class='ocrx_word' id='word_1_133' title='bbox 371 2127 525 2212; x_wconf 82' lang='lat' dir='ltr'><strong>usquein</strong></span> <span class='ocrx_word' id='word_1_134' title='bbox 545 2126 627 2193; x_wconf 89' lang='lat' dir='ltr'><strong>diem</strong></span> <span class='ocrx_word' id='word_1_135' title='bbox 647 2148 711 2212; x_wconf 90' lang='lat' dir='ltr'><strong>quo</strong></span> <span class='ocrx_word' id='word_1_136' title='bbox 734 2127 917 2194; x_wconf 66' lang='lat' dir='ltr'><strong>videntibus</strong></span> <span class='ocrx_word' id='word_1_137' title='bbox 939 2127 1007 2194; x_wconf 77' lang='lat' dir='ltr'><strong>illis</strong></span> <span class='ocrx_word' id='word_1_138' title='bbox 1033 2127 1073 2194; x_wconf 82' lang='lat' dir='ltr'><strong>in</strong></span> <span class='ocrx_word' id='word_1_139' title='bbox 1096 2127 1217 2194; x_wconf 81' lang='lat' dir='ltr'><strong>ceolum</strong></span> <span class='ocrx_word' id='word_1_140' title='bbox 1239 2133 1422 2213; x_wconf 67' lang='lat' dir='ltr'><strong>monptus</strong></span> 
     </span>
     <span class='ocr_line' id='line_1_18' title="bbox 221 2227 1421 2315; baseline -0.003 -17"><span class='ocrx_word' id='word_1_141' title='bbox 221 2235 287 2315; x_wconf 61' lang='lat' dir='ltr'><strong>ae·</strong></span> <span class='ocrx_word' id='word_1_142' title='bbox 311 2229 366 2313; x_wconf 88' lang='lat' dir='ltr'><strong>qui</strong></span> <span class='ocrx_word' id='word_1_143' title='bbox 386 2230 451 2294; x_wconf 84' lang='lat' dir='ltr'><strong>iere</strong></span> <span class='ocrx_word' id='word_1_144' title='bbox 475 2233 539 2296; x_wconf 85' lang='lat' dir='ltr'><strong>tres</strong></span> <span class='ocrx_word' id='word_1_145' title='bbox 563 2229 636 2295; x_wconf 85' lang='lat' dir='ltr'><strong>anni</strong></span> <span class='ocrx_word' id='word_1_146' title='bbox 663 2230 743 2296; x_wconf 89' lang='lat' dir='ltr'><strong>liunt</strong></span> <span class='ocrx_word' id='word_1_147' title='bbox 767 2233 800 2294; x_wconf 91' lang='lat' dir='ltr'><strong>et</strong></span> <span class='ocrx_word' id='word_1_148' title='bbox 826 2227 993 2294; x_wconf 88' lang='lat' dir='ltr'><strong>dimidius:</strong></span> <span class='ocrx_word' id='word_1_149' title='bbox 1013 2251 1077 2294; x_wconf 90' lang='lat' dir='ltr'><strong>non</strong></span> <span class='ocrx_word' id='word_1_150' title='bbox 1098 2229 1289 2296; x_wconf 75' lang='lat' dir='ltr'><strong>disconvenit</strong></span> <span class='ocrx_word' id='word_1_151' title='bbox 1309 2234 1421 2306; x_wconf 78' lang='lat' dir='ltr'><strong>tamen</strong></span> 
     </span>
     <span class='ocr_line' id='line_1_19' title="bbox 223 2329 1421 2418; baseline -0.003 -20"><span class='ocrx_word' id='word_1_152' title='bbox 223 2333 330 2398; x_wconf 72' lang='lat' dir='ltr'><strong>melem</strong></span> <span class='ocrx_word' id='word_1_153' title='bbox 343 2331 463 2398; x_wconf 74' lang='lat' dir='ltr'><strong>dimum</strong></span> <span class='ocrx_word' id='word_1_154' title='bbox 482 2351 621 2409; x_wconf 83' lang='lat' dir='ltr'><strong>numero,</strong></span> <span class='ocrx_word' id='word_1_155' title='bbox 639 2330 672 2396; x_wconf 94' lang='lat' dir='ltr'><strong>id</strong></span> <span class='ocrx_word' id='word_1_156' title='bbox 690 2334 737 2398; x_wconf 86' lang='lat' dir='ltr'><strong>est</strong></span> <span class='ocrx_word' id='word_1_157' title='bbox 756 2331 843 2397; x_wconf 88' lang='lat' dir='ltr'><strong>mille</strong></span> <span class='ocrx_word' id='word_1_158' title='bbox 857 2329 1003 2396; x_wconf 87' lang='lat' dir='ltr'><strong>trecentis</strong></span> <span class='ocrx_word' id='word_1_159' title='bbox 1023 2329 1153 2418; x_wconf 77' lang='lat' dir='ltr'><strong>tuigintn</strong></span> <span class='ocrx_word' id='word_1_160' title='bbox 1167 2330 1313 2416; x_wconf 87' lang='lat' dir='ltr'><strong>quinque,</strong></span> <span class='ocrx_word' id='word_1_161' title='bbox 1327 2331 1421 2396; x_wconf 88' lang='lat' dir='ltr'><strong>etiam</strong></span> 
     </span>
     <span class='ocr_line' id='line_1_20' title="bbox 222 2431 1422 2519; baseline -0.002 -20"><span class='ocrx_word' id='word_1_162' title='bbox 222 2455 368 2500; x_wconf 78' lang='lat' dir='ltr'><strong>senmum</strong></span> <span class='ocrx_word' id='word_1_163' title='bbox 387 2435 565 2498; x_wconf 66' lang='lat' dir='ltr'><strong>nostorum</strong></span> <span class='ocrx_word' id='word_1_164' title='bbox 586 2431 782 2519; x_wconf 83' lang='lat' dir='ltr'><strong>tripartitam,</strong></span> <span class='ocrx_word' id='word_1_165' title='bbox 802 2435 839 2498; x_wconf 93' lang='lat' dir='ltr'><strong>ut</strong></span> <span class='ocrx_word' id='word_1_166' title='bbox 858 2431 1060 2516; x_wconf 72' lang='lat' dir='ltr'><strong>praemissum</strong></span> <span class='ocrx_word' id='word_1_167' title='bbox 1082 2435 1138 2512; x_wconf 87' lang='lat' dir='ltr'><strong>est,</strong></span> <span class='ocrx_word' id='word_1_168' title='bbox 1159 2431 1422 2516; x_wconf 85' lang='lat' dir='ltr'><strong>justificationem,</strong></span> 
     </span>
     <span class='ocr_line' id='line_1_21' title="bbox 224 2532 1422 2620; baseline -0.002 -20"><span class='ocrx_word' id='word_1_169' title='bbox 224 2533 495 2600; x_wconf 79' lang='lat' dir='ltr'><strong>sanctificationem</strong></span> <span class='ocrx_word' id='word_1_170' title='bbox 521 2539 553 2600; x_wconf 90' lang='lat' dir='ltr'><strong>et</strong></span> <span class='ocrx_word' id='word_1_171' title='bbox 573 2533 831 2600; x_wconf 71' lang='lat' dir='ltr'><strong>beatificationem</strong></span> <span class='ocrx_word' id='word_1_172' title='bbox 852 2532 1034 2620; x_wconf 83' lang='lat' dir='ltr'><strong>intelligere,</strong></span> <span class='ocrx_word' id='word_1_173' title='bbox 1059 2555 1138 2618; x_wconf 82' lang='lat' dir='ltr'><strong>quse</strong></span> <span class='ocrx_word' id='word_1_174' title='bbox 1159 2533 1249 2598; x_wconf 85' lang='lat' dir='ltr'><strong>nobis</strong></span> <span class='ocrx_word' id='word_1_175' title='bbox 1270 2554 1326 2618; x_wconf 86' lang='lat' dir='ltr'><strong>per</strong></span> <span class='ocrx_word' id='word_1_176' title='bbox 1347 2555 1422 2599; x_wconf 88' lang='lat' dir='ltr'><strong>eun·</strong></span> 
     </span>
     <span class='ocr_line' id='line_1_22' title="bbox 224 2633 1423 2721; baseline -0.003 -18"><span class='ocrx_word' id='word_1_177' title='bbox 224 2636 295 2703; x_wconf 93' lang='lat' dir='ltr'><strong>dem</strong></span> <span class='ocrx_word' id='word_1_178' title='bbox 322 2635 493 2704; x_wconf 70' lang='lat' dir='ltr'><strong>dominicae</strong></span> <span class='ocrx_word' id='word_1_179' title='bbox 521 2634 755 2721; x_wconf 81' lang='lat' dir='ltr'><strong>pmedicetionis</strong></span> <span class='ocrx_word' id='word_1_180' title='bbox 782 2634 921 2701; x_wconf 89' lang='lat' dir='ltr'><strong>laborem</strong></span> <span class='ocrx_word' id='word_1_181' title='bbox 950 2633 1101 2719; x_wconf 83' lang='lat' dir='ltr'><strong>scquisite</strong></span> <span class='ocrx_word' id='word_1_182' title='bbox 1129 2639 1182 2702; x_wconf 84' lang='lat' dir='ltr'><strong>eet</strong></span> <span class='ocrx_word' id='word_1_183' title='bbox 1230 2633 1423 2702; x_wconf 84' lang='lat' dir='ltr'><strong>Millenarius</strong></span> 
     </span>
    </p>

    <p class='ocr_par' dir='ltr' id='par_1_4' title="bbox 125 2735 1426 4560">
     <span class='ocr_line' id='line_1_23' title="bbox 131 2735 1423 2822; baseline -0.004 -18"><span class='ocrx_word' id='word_1_184' title='bbox 131 2737 193 2818; x_wconf 75' lang='lat' dir='ltr'><strong>(to)</strong></span> <span class='ocrx_word' id='word_1_185' title='bbox 224 2759 359 2822; x_wconf 86' lang='lat' dir='ltr'><strong>namque</strong></span> <span class='ocrx_word' id='word_1_186' title='bbox 387 2737 507 2804; x_wconf 86' lang='lat' dir='ltr'><strong>dierum</strong></span> <span class='ocrx_word' id='word_1_187' title='bbox 535 2758 681 2803; x_wconf 75' lang='lat' dir='ltr'><strong>numenio</strong></span> <span class='ocrx_word' id='word_1_188' title='bbox 710 2759 768 2801; x_wconf 89' lang='lat' dir='ltr'><strong>sua</strong></span> <span class='ocrx_word' id='word_1_189' title='bbox 797 2735 1026 2820; x_wconf 72' lang='lat' dir='ltr'><strong>multiplicitate</strong></span> <span class='ocrx_word' id='word_1_190' title='bbox 1055 2735 1148 2801; x_wconf 87' lang='lat' dir='ltr'><strong>simul</strong></span> <span class='ocrx_word' id='word_1_191' title='bbox 1174 2739 1207 2801; x_wconf 89' lang='lat' dir='ltr'><strong>et</strong></span> <span class='ocrx_word' id='word_1_192' title='bbox 1230 2737 1338 2803; x_wconf 85' lang='lat' dir='ltr'><strong>cubico</strong></span> <span class='ocrx_word' id='word_1_193' title='bbox 1365 2757 1423 2802; x_wconf 89' lang='lat' dir='ltr'><strong>sua</strong></span> 
     </span>
     <span class='ocr_line' id='line_1_24' title="bbox 224 2836 1423 2925; baseline -0.002 -21"><span class='ocrx_word' id='word_1_194' title='bbox 224 2839 412 2923; x_wconf 80' lang='lat' dir='ltr'><strong>perfectione</strong></span> <span class='ocrx_word' id='word_1_195' title='bbox 425 2837 625 2904; x_wconf 83' lang='lat' dir='ltr'><strong>beetitudinis</strong></span> <span class='ocrx_word' id='word_1_196' title='bbox 644 2859 789 2902; x_wconf 89' lang='lat' dir='ltr'><strong>sensuum</strong></span> <span class='ocrx_word' id='word_1_197' title='bbox 803 2841 978 2902; x_wconf 84' lang='lat' dir='ltr'><strong>nostrorum</strong></span> <span class='ocrx_word' id='word_1_198' title='bbox 995 2836 1029 2902; x_wconf 91' lang='lat' dir='ltr'><strong>in</strong></span> <span class='ocrx_word' id='word_1_199' title='bbox 1046 2859 1143 2925; x_wconf 79' lang='lat' dir='ltr'><strong>regno</strong></span> <span class='ocrx_word' id='word_1_200' title='bbox 1162 2838 1286 2904; x_wconf 82' lang='lat' dir='ltr'><strong>futurae</strong></span> <span class='ocrx_word' id='word_1_201' title='bbox 1305 2841 1423 2903; x_wconf 88' lang='lat' dir='ltr'><strong>statum</strong></span> 
     </span>
     <span class='ocr_line' id='line_1_25' title="bbox 225 2938 1424 3028; baseline 0.001 -22"><span class='ocrx_word' id='word_1_202' title='bbox 225 2939 377 3028; x_wconf 74' lang='lat' dir='ltr'><strong>exprimit</strong></span> <span class='ocrx_word' id='word_1_203' title='bbox 396 2940 520 3024; x_wconf 81' lang='lat' dir='ltr'><strong>quendo</strong></span> <span class='ocrx_word' id='word_1_204' title='bbox 540 2940 734 3026; x_wconf 79' lang='lat' dir='ltr'><strong>siugulonun</strong></span> <span class='ocrx_word' id='word_1_205' title='bbox 756 2943 821 3004; x_wconf 82' lang='lat' dir='ltr'><strong>tum</strong></span> <span class='ocrx_word' id='word_1_206' title='bbox 842 2938 979 3022; x_wconf 85' lang='lat' dir='ltr'><strong>corporis</strong></span> <span class='ocrx_word' id='word_1_207' title='bbox 993 2961 1087 3024; x_wconf 89' lang='lat' dir='ltr'><strong>quem</strong></span> <span class='ocrx_word' id='word_1_208' title='bbox 1107 2940 1227 3007; x_wconf 82' lang='lat' dir='ltr'><strong>animae</strong></span> <span class='ocrx_word' id='word_1_209' title='bbox 1248 2963 1283 3006; x_wconf 90' lang='lat' dir='ltr'><strong>ac</strong></span> <span class='ocrx_word' id='word_1_210' title='bbox 1297 2941 1424 3027; x_wconf 87' lang='lat' dir='ltr'><strong>spiritus</strong></span> 
     </span>
     <span class='ocr_line' id='line_1_26' title="bbox 225 3043 1424 3130; baseline -0.002 -17"><span class='ocrx_word' id='word_1_211' title='bbox 225 3069 369 3113; x_wconf 86' lang='lat' dir='ltr'><strong>semuum</strong></span> <span class='ocrx_word' id='word_1_212' title='bbox 388 3049 565 3112; x_wconf 75' lang='lat' dir='ltr'><strong>nosbcmm</strong></span> <span class='ocrx_word' id='word_1_213' title='bbox 586 3044 751 3130; x_wconf 80' lang='lat' dir='ltr'><strong>multiplici</strong></span> <span class='ocrx_word' id='word_1_214' title='bbox 776 3051 812 3109; x_wconf 85' lang='lat' dir='ltr'><strong>e&#39;o</strong></span> <span class='ocrx_word' id='word_1_215' title='bbox 837 3043 942 3111; x_wconf 86' lang='lat' dir='ltr'><strong>stnbili</strong></span> <span class='ocrx_word' id='word_1_216' title='bbox 967 3066 1024 3110; x_wconf 92' lang='lat' dir='ltr'><strong>usu</strong></span> <span class='ocrx_word' id='word_1_217' title='bbox 1046 3047 1201 3114; x_wconf 76' lang='lat' dir='ltr'><strong>videbitur</strong></span> <span class='ocrx_word' id='word_1_218' title='bbox 1221 3048 1305 3112; x_wconf 86' lang='lat' dir='ltr'><strong>Deus</strong></span> <span class='ocrx_word' id='word_1_219' title='bbox 1325 3047 1424 3115; x_wconf 76' lang='lat' dir='ltr'><strong>sinoti</strong></span> 
     </span>
     <span class='ocr_line' id='line_1_27' title="bbox 226 3149 1423 3237; baseline -0.001 -18"><span class='ocrx_word' id='word_1_220' title='bbox 226 3158 280 3220; x_wconf 81' lang='lat' dir='ltr'><strong>est.</strong></span> <span class='ocrx_word' id='word_1_221' title='bbox 321 3150 479 3218; x_wconf 75' lang='lat' dir='ltr'><strong>&#39;lbee&#39;entis</strong></span> <span class='ocrx_word' id='word_1_222' title='bbox 509 3173 583 3216; x_wconf 79' lang='lat' dir='ltr'><strong>vero</strong></span> <span class='ocrx_word' id='word_1_223' title='bbox 615 3155 800 3229; x_wconf 87' lang='lat' dir='ltr'><strong>sanctorum,</strong></span> <span class='ocrx_word' id='word_1_224' title='bbox 827 3149 861 3215; x_wconf 92' lang='lat' dir='ltr'><strong>in</strong></span> <span class='ocrx_word' id='word_1_225' title='bbox 891 3152 1046 3234; x_wconf 73' lang='lat' dir='ltr'><strong>praesenti</strong></span> <span class='ocrx_word' id='word_1_226' title='bbox 1074 3153 1140 3218; x_wconf 81' lang='lat' dir='ltr'><strong>vita</strong></span> <span class='ocrx_word' id='word_1_227' title='bbox 1167 3152 1423 3237; x_wconf 85' lang='lat' dir='ltr'><strong>contemplationi</strong></span> 
     </span>
     <span class='ocr_line' id='line_1_28' title="bbox 225 3251 1423 3340; baseline 0.003 -22"><span class='ocrx_word' id='word_1_228' title='bbox 225 3253 408 3332; x_wconf 77' lang='lat' dir='ltr'><strong>secantium,</strong></span> <span class='ocrx_word' id='word_1_229' title='bbox 421 3251 510 3338; x_wconf 88' lang='lat' dir='ltr'><strong>quies</strong></span> <span class='ocrx_word' id='word_1_230' title='bbox 530 3251 722 3338; x_wconf 80' lang='lat' dir='ltr'><strong>exprimitur,</strong></span> <span class='ocrx_word' id='word_1_231' title='bbox 735 3251 848 3337; x_wconf 86' lang='lat' dir='ltr'><strong>quibus</strong></span> <span class='ocrx_word' id='word_1_232' title='bbox 864 3251 956 3336; x_wconf 83' lang='lat' dir='ltr'><strong>juxta</strong></span> <span class='ocrx_word' id='word_1_233' title='bbox 976 3253 1100 3340; x_wconf 74' lang='lat' dir='ltr'><strong>signum</strong></span> <span class='ocrx_word' id='word_1_234' title='bbox 1113 3255 1148 3326; x_wconf 89' lang='grc' dir='ltr'>Τ</span> <span class='ocrx_word' id='word_1_235' title='bbox 1161 3255 1278 3334; x_wconf 82' lang='lat' dir='ltr'><strong>literne,</strong></span> <span class='ocrx_word' id='word_1_236' title='bbox 1292 3257 1423 3321; x_wconf 89' lang='lat' dir='ltr'><strong>eundem</strong></span> 
     </span>
     <span class='ocr_line' id='line_1_29' title="bbox 226 3357 1423 3445; baseline -0.002 -19"><span class='ocrx_word' id='word_1_237' title='bbox 226 3381 387 3426; x_wconf 78' lang='lat' dir='ltr'><strong>namn-um</strong></span> <span class='ocrx_word' id='word_1_238' title='bbox 407 3357 616 3443; x_wconf 79' lang='lat' dir='ltr'><strong>expuimentis,</strong></span> <span class='ocrx_word' id='word_1_239' title='bbox 636 3359 779 3425; x_wconf 79' lang='lat' dir='ltr'><strong>mtmdus</strong></span> <span class='ocrx_word' id='word_1_240' title='bbox 800 3357 974 3441; x_wconf 74' lang='lat' dir='ltr'><strong>crucificus</strong></span> <span class='ocrx_word' id='word_1_241' title='bbox 995 3364 1039 3426; x_wconf 82' lang='lat' dir='ltr'><strong>est</strong></span> <span class='ocrx_word' id='word_1_242' title='bbox 1061 3365 1091 3426; x_wconf 87' lang='lat' dir='ltr'><strong>ot</strong></span> <span class='ocrx_word' id='word_1_243' title='bbox 1114 3361 1181 3445; x_wconf 86' lang='lat' dir='ltr'><strong>ipsi</strong></span> <span class='ocrx_word' id='word_1_244' title='bbox 1202 3361 1340 3443; x_wconf 72' lang='lat' dir='ltr'><strong>intendo,</strong></span> <span class='ocrx_word' id='word_1_245' title='bbox 1368 3360 1423 3445; x_wconf 92' lang='lat' dir='ltr'><strong>qui</strong></span> 
     </span>
     <span class='ocr_line' id='line_1_30' title="bbox 225 3459 1423 3545; baseline -0.001 -19"><span class='ocrx_word' id='word_1_246' title='bbox 225 3481 297 3526; x_wconf 74' lang='lat' dir='ltr'><strong>mm</strong></span> <span class='ocrx_word' id='word_1_247' title='bbox 316 3461 410 3526; x_wconf 77' lang='lat' dir='ltr'><strong>Petro</strong></span> <span class='ocrx_word' id='word_1_248' title='bbox 430 3464 464 3526; x_wconf 87' lang='lat' dir='ltr'><strong>et</strong></span> <span class='ocrx_word' id='word_1_249' title='bbox 482 3459 632 3545; x_wconf 81' lang='lat' dir='ltr'><strong>apostolis</strong></span> <span class='ocrx_word' id='word_1_250' title='bbox 656 3459 790 3525; x_wconf 86' lang='lat' dir='ltr'><strong>orationi</strong></span> <span class='ocrx_word' id='word_1_251' title='bbox 819 3464 852 3524; x_wconf 87' lang='lat' dir='ltr'><strong>et</strong></span> <span class='ocrx_word' id='word_1_252' title='bbox 872 3459 1043 3527; x_wconf 87' lang='lat' dir='ltr'><strong>ministerio</strong></span> <span class='ocrx_word' id='word_1_253' title='bbox 1064 3463 1151 3528; x_wconf 79' lang='lat' dir='ltr'><strong>verbi</strong></span> <span class='ocrx_word' id='word_1_254' title='bbox 1176 3483 1283 3528; x_wconf 74' lang='lat' dir='ltr'><strong>vacare</strong></span> <span class='ocrx_word' id='word_1_255' title='bbox 1305 3461 1423 3528; x_wconf 86' lang='lat' dir='ltr'><strong>edsueti</strong></span> 
     </span>
     <span class='ocr_line' id='line_1_31' title="bbox 225 3561 1423 3647; baseline 0.001 -19"><span class='ocrx_word' id='word_1_256' title='bbox 225 3565 307 3628; x_wconf 83' lang='lat' dir='ltr'><strong>sunt</strong></span> <span class='ocrx_word' id='word_1_257' title='bbox 346 3561 385 3629; x_wconf 90' lang='lat' dir='ltr'><strong>ln</strong></span> <span class='ocrx_word' id='word_1_258' title='bbox 413 3561 552 3628; x_wconf 78' lang='lat' dir='ltr'><strong>orab&#39;one</strong></span> <span class='ocrx_word' id='word_1_259' title='bbox 582 3583 717 3647; x_wconf 87' lang='lat' dir='ltr'><strong>namque</strong></span> <span class='ocrx_word' id='word_1_260' title='bbox 745 3561 844 3627; x_wconf 85' lang='lat' dir='ltr'><strong>crucis</strong></span> <span class='ocrx_word' id='word_1_261' title='bbox 875 3561 957 3628; x_wconf 83' lang='lat' dir='ltr'><strong>lines</strong></span> <span class='ocrx_word' id='word_1_262' title='bbox 988 3585 1110 3630; x_wconf 88' lang='lat' dir='ltr'><strong>sursum</strong></span> <span class='ocrx_word' id='word_1_263' title='bbox 1130 3563 1276 3642; x_wconf 77' lang='lat' dir='ltr'><strong>tenditur,</strong></span> <span class='ocrx_word' id='word_1_264' title='bbox 1304 3563 1336 3630; x_wconf 91' lang='lat' dir='ltr'><strong>in</strong></span> <span class='ocrx_word' id='word_1_265' title='bbox 1366 3563 1423 3629; x_wconf 91' lang='lat' dir='ltr'><strong>mi-</strong></span> 
     </span>
     <span class='ocr_line' id='line_1_32' title="bbox 226 3663 1425 3748; baseline 0.003 -19"><span class='ocrx_word' id='word_1_266' title='bbox 226 3663 353 3729; x_wconf 84' lang='lat' dir='ltr'><strong>nisterio</strong></span> <span class='ocrx_word' id='word_1_267' title='bbox 376 3669 481 3729; x_wconf 86' lang='lat' dir='ltr'><strong>autem</strong></span> <span class='ocrx_word' id='word_1_268' title='bbox 501 3663 587 3730; x_wconf 78' lang='lat' dir='ltr'><strong>serbi</strong></span> <span class='ocrx_word' id='word_1_269' title='bbox 612 3664 652 3730; x_wconf 83' lang='lat' dir='ltr'><strong>ed</strong></span> <span class='ocrx_word' id='word_1_270' title='bbox 681 3663 857 3748; x_wconf 85' lang='lat' dir='ltr'><strong>proximum</strong></span> <span class='ocrx_word' id='word_1_271' title='bbox 882 3665 1037 3748; x_wconf 70' lang='lat' dir='ltr'><strong>dilatatum.</strong></span> <span class='ocrx_word' id='word_1_272' title='bbox 1079 3664 1148 3743; x_wconf 84' lang='lat' dir='ltr'><strong>Qua</strong></span> <span class='ocrx_word' id='word_1_273' title='bbox 1167 3665 1314 3732; x_wconf 81' lang='lat' dir='ltr'><strong>nimirum</strong></span> <span class='ocrx_word' id='word_1_274' title='bbox 1334 3688 1425 3732; x_wconf 85' lang='lat' dir='ltr'><strong>cruce</strong></span> 
     </span>
     <span class='ocr_line' id='line_1_33' title="bbox 125 3764 1424 3850; baseline 0.001 -19"><span class='ocrx_word' id='word_1_275' title='bbox 125 3776 126 3779; x_wconf 76' lang='grc'>’</span> <span class='ocrx_word' id='word_1_276' title='bbox 226 3765 366 3831; x_wconf 80' lang='lat' dir='ltr'><strong>semibus</strong></span> <span class='ocrx_word' id='word_1_277' title='bbox 392 3787 498 3831; x_wconf 81' lang='lat' dir='ltr'><strong>comm</strong></span> <span class='ocrx_word' id='word_1_278' title='bbox 526 3765 614 3850; x_wconf 84' lang='lat' dir='ltr'><strong>quasi</strong></span> <span class='ocrx_word' id='word_1_279' title='bbox 642 3764 787 3830; x_wconf 87' lang='lat' dir='ltr'><strong>trecentis</strong></span> <span class='ocrx_word' id='word_1_280' title='bbox 813 3765 941 3829; x_wconf 85' lang='lat' dir='ltr'><strong>armatis</strong></span> <span class='ocrx_word' id='word_1_281' title='bbox 968 3787 1040 3829; x_wconf 79' lang='lat' dir='ltr'><strong>esna</strong></span> <span class='ocrx_word' id='word_1_282' title='bbox 1061 3766 1221 3832; x_wconf 83' lang='lat' dir='ltr'><strong>Abraham</strong></span> <span class='ocrx_word' id='word_1_283' title='bbox 1246 3769 1350 3834; x_wconf 88' lang='lat' dir='ltr'><strong>hostes</strong></span> <span class='ocrx_word' id='word_1_284' title='bbox 1371 3768 1424 3832; x_wconf 90' lang='lat' dir='ltr'><strong>de-</strong></span> 
     </span>
     <span class='ocr_line' id='line_1_34' title="bbox 142 3865 1425 3960; baseline 0.002 -28"><span class='ocrx_word' id='word_1_285' title='bbox 142 3949 147 3960; x_wconf 38' lang='lat'><strong>·</strong></span> <span class='ocrx_word' id='word_1_286' title='bbox 227 3867 363 3945; x_wconf 80' lang='lat' dir='ltr'><strong>vincunt,</strong></span> <span class='ocrx_word' id='word_1_287' title='bbox 393 3865 604 3950; x_wconf 76' lang='lat' dir='ltr'><strong>captivitatem</strong></span> <span class='ocrx_word' id='word_1_288' title='bbox 634 3865 795 3942; x_wconf 80' lang='lat' dir='ltr'><strong>reducunt,</strong></span> <span class='ocrx_word' id='word_1_289' title='bbox 822 3866 875 3930; x_wconf 87' lang='lat' dir='ltr'><strong>sed</strong></span> <span class='ocrx_word' id='word_1_290' title='bbox 904 3869 938 3930; x_wconf 94' lang='lat' dir='ltr'><strong>et</strong></span> <span class='ocrx_word' id='word_1_291' title='bbox 965 3888 1036 3931; x_wconf 89' lang='lat' dir='ltr'><strong>cum</strong></span> <span class='ocrx_word' id='word_1_292' title='bbox 1061 3865 1188 3932; x_wconf 84' lang='lat' dir='ltr'><strong>Gedeon</strong></span> <span class='ocrx_word' id='word_1_293' title='bbox 1217 3867 1425 3934; x_wconf 87' lang='lat' dir='ltr'><strong>tubicinantes</strong></span> 
     </span>
     <span class='ocr_line' id='line_1_35' title="bbox 227 3965 1425 4054; baseline 0 -20"><span class='ocrx_word' id='word_1_294' title='bbox 227 3967 391 4034; x_wconf 76' lang='lat' dir='ltr'><strong>coniunctis</strong></span> <span class='ocrx_word' id='word_1_295' title='bbox 409 3967 530 4054; x_wconf 51' lang='lat' dir='ltr'><strong>menis</strong></span> <span class='ocrx_word' id='word_1_296' title='bbox 550 3973 583 4034; x_wconf 92' lang='lat' dir='ltr'><strong>et</strong></span> <span class='ocrx_word' id='word_1_297' title='bbox 609 3965 795 4033; x_wconf 85' lang='lat' dir='ltr'><strong>micantibus</strong></span> <span class='ocrx_word' id='word_1_298' title='bbox 822 3966 956 4032; x_wconf 88' lang='lat' dir='ltr'><strong>lucernis</strong></span> <span class='ocrx_word' id='word_1_299' title='bbox 976 3967 1081 4032; x_wconf 83' lang='lat' dir='ltr'><strong>hostes</strong></span> <span class='ocrx_word' id='word_1_300' title='bbox 1109 3967 1141 4032; x_wconf 90' lang='lat' dir='ltr'><strong>in</strong></span> <span class='ocrx_word' id='word_1_301' title='bbox 1162 3967 1271 4054; x_wconf 81' lang='lat' dir='ltr'><strong>fugam</strong></span> <span class='ocrx_word' id='word_1_302' title='bbox 1291 3973 1425 4034; x_wconf 82' lang='lat' dir='ltr'><strong>vertunt</strong></span> 
     </span>
     <span class='ocr_line' id='line_1_36' title="bbox 227 4067 1423 4156; baseline 0.002 -21"><span class='ocrx_word' id='word_1_303' title='bbox 227 4068 371 4156; x_wconf 74' lang='lat' dir='ltr'><strong>&#39;l&#39;siginta</strong></span> <span class='ocrx_word' id='word_1_304' title='bbox 388 4091 470 4149; x_wconf 87' lang='lat' dir='ltr'><strong>sane,</strong></span> <span class='ocrx_word' id='word_1_305' title='bbox 490 4069 545 4155; x_wconf 91' lang='lat' dir='ltr'><strong>qni</strong></span> <span class='ocrx_word' id='word_1_306' title='bbox 558 4069 796 4156; x_wconf 78' lang='lat' dir='ltr'><strong>conjugatorum</strong></span> <span class='ocrx_word' id='word_1_307' title='bbox 818 4067 961 4153; x_wconf 85' lang='lat' dir='ltr'><strong>proprius</strong></span> <span class='ocrx_word' id='word_1_308' title='bbox 983 4072 1030 4133; x_wconf 93' lang='lat' dir='ltr'><strong>est</strong></span> <span class='ocrx_word' id='word_1_309' title='bbox 1050 4089 1203 4148; x_wconf 84' lang='lat' dir='ltr'><strong>numems,</strong></span> <span class='ocrx_word' id='word_1_310' title='bbox 1219 4070 1313 4154; x_wconf 86' lang='lat' dir='ltr'><strong>juxta</strong></span> <span class='ocrx_word' id='word_1_311' title='bbox 1327 4070 1423 4136; x_wconf 87' lang='lat' dir='ltr'><strong>flexu-</strong></span> 
     </span>
     <span class='ocr_line' id='line_1_37' title="bbox 226 4168 1425 4258; baseline 0.002 -22"><span class='ocrx_word' id='word_1_312' title='bbox 226 4191 293 4236; x_wconf 81' lang='lat' dir='ltr'><strong>ram</strong></span> <span class='ocrx_word' id='word_1_313' title='bbox 306 4169 474 4258; x_wconf 74' lang='lat' dir='ltr'><strong>digitomm</strong></span> <span class='ocrx_word' id='word_1_314' title='bbox 486 4191 520 4236; x_wconf 90' lang='lat' dir='ltr'><strong>se</strong></span> <span class='ocrx_word' id='word_1_315' title='bbox 534 4169 666 4236; x_wconf 83' lang='lat' dir='ltr'><strong>invicem</strong></span> <span class='ocrx_word' id='word_1_316' title='bbox 679 4169 712 4236; x_wconf 93' lang='lat' dir='ltr'><strong>in</strong></span> <span class='ocrx_word' id='word_1_317' title='bbox 730 4168 824 4254; x_wconf 85' lang='lat' dir='ltr'><strong>hujus</strong></span> <span class='ocrx_word' id='word_1_318' title='bbox 837 4168 958 4234; x_wconf 89' lang='lat' dir='ltr'><strong>numeri</strong></span> <span class='ocrx_word' id='word_1_319' title='bbox 971 4168 1196 4256; x_wconf 83' lang='lat' dir='ltr'><strong>significatione</strong></span> <span class='ocrx_word' id='word_1_320' title='bbox 1209 4171 1425 4248; x_wconf 84' lang='lat' dir='ltr'><strong>osculantium,</strong></span> 
     </span>
     <span class='ocr_line' id='line_1_38' title="bbox 228 4271 1425 4361; baseline -0.001 -23"><span class='ocrx_word' id='word_1_321' title='bbox 228 4271 295 4358; x_wconf 91' lang='lat' dir='ltr'><strong>ipss</strong></span> <span class='ocrx_word' id='word_1_322' title='bbox 314 4271 347 4339; x_wconf 92' lang='lat' dir='ltr'><strong>in</strong></span> <span class='ocrx_word' id='word_1_323' title='bbox 366 4273 428 4339; x_wconf 84' lang='lat' dir='ltr'><strong>fide</strong></span> <span class='ocrx_word' id='word_1_324' title='bbox 446 4277 571 4338; x_wconf 85' lang='lat' dir='ltr'><strong>sanctee</strong></span> <span class='ocrx_word' id='word_1_325' title='bbox 592 4271 741 4340; x_wconf 73' lang='lat' dir='ltr'><strong>trinitatis</strong></span> <span class='ocrx_word' id='word_1_326' title='bbox 765 4271 843 4338; x_wconf 89' lang='lat' dir='ltr'><strong>bene</strong></span> <span class='ocrx_word' id='word_1_327' title='bbox 864 4271 982 4339; x_wconf 74' lang='lat' dir='ltr'><strong>mtivos</strong></span> <span class='ocrx_word' id='word_1_328' title='bbox 1007 4271 1159 4358; x_wconf 83' lang='lat' dir='ltr'><strong>exprimit</strong></span> <span class='ocrx_word' id='word_1_329' title='bbox 1201 4271 1270 4351; x_wconf 80' lang='lat' dir='ltr'><strong>qui,</strong></span> <span class='ocrx_word' id='word_1_330' title='bbox 1295 4273 1425 4361; x_wconf 79' lang='lat' dir='ltr'><strong>triginta</strong></span> 
     </span>
     <span class='ocr_line' id='line_1_39' title="bbox 227 4363 1424 4460; baseline -0.001 -20"><span class='ocrx_word' id='word_1_331' title='bbox 227 4395 334 4440; x_wconf 74' lang='lat' dir='ltr'><strong>mas</strong></span> <span class='ocrx_word' id='word_1_332' title='bbox 352 4395 426 4440; x_wconf 85' lang='lat' dir='ltr'><strong>suos</strong></span> <span class='ocrx_word' id='word_1_333' title='bbox 451 4396 507 4459; x_wconf 86' lang='lat' dir='ltr'><strong>per</strong></span> <span class='ocrx_word' id='word_1_334' title='bbox 525 4395 646 4460; x_wconf 86' lang='lat' dir='ltr'><strong>corpus,</strong></span> <span class='ocrx_word' id='word_1_335' title='bbox 673 4373 807 4440; x_wconf 80' lang='lat' dir='ltr'><strong>mimam</strong></span> <span class='ocrx_word' id='word_1_336' title='bbox 835 4379 868 4440; x_wconf 91' lang='lat' dir='ltr'><strong>et</strong></span> <span class='ocrx_word' id='word_1_337' title='bbox 893 4375 1036 4460; x_wconf 82' lang='lat' dir='ltr'><strong>spiritum</strong></span> <span class='ocrx_word' id='word_1_338' title='bbox 1065 4396 1139 4460; x_wconf 81' lang='lat' dir='ltr'><strong>pree</strong></span> <span class='ocrx_word' id='word_1_339' title='bbox 1163 4363 1284 4440; x_wconf 75' lang='lat' dir='ltr'><strong>&#39;wtioni</strong></span> <span class='ocrx_word' id='word_1_340' title='bbox 1308 4373 1424 4440; x_wconf 82' lang='lat' dir='ltr'><strong>monci·</strong></span> 
     </span>
     <span class='ocr_line' id='line_1_40' title="bbox 228 4475 1426 4560; baseline 0 -20"><span class='ocrx_word' id='word_1_341' title='bbox 228 4479 345 4558; x_wconf 83' lang='lat' dir='ltr'><strong>pentes,</strong></span> <span class='ocrx_word' id='word_1_342' title='bbox 374 4479 406 4541; x_wconf 86' lang='lat' dir='ltr'><strong>et</strong></span> <span class='ocrx_word' id='word_1_343' title='bbox 434 4475 494 4560; x_wconf 90' lang='lat' dir='ltr'><strong>ipsi</strong></span> <span class='ocrx_word' id='word_1_344' title='bbox 519 4475 719 4542; x_wconf 66' lang='lat' dir='ltr'><strong>bennum</strong></span> <span class='ocrx_word' id='word_1_345' title='bbox 747 4479 890 4542; x_wconf 85' lang='lat' dir='ltr'><strong>eeternae</strong></span> <span class='ocrx_word' id='word_1_346' title='bbox 918 4475 1091 4542; x_wconf 74' lang='lat' dir='ltr'><strong>efficientem</strong></span> <span class='ocrx_word' id='word_1_347' title='bbox 1120 4479 1283 4543; x_wconf 87' lang='lat' dir='ltr'><strong>consortes.</strong></span> <span class='ocrx_word' id='word_1_348' title='bbox 1335 4475 1426 4554; x_wconf 85' lang='lat' dir='ltr'><strong>Quod</strong></span> 
     </span>
    </p>
   </div>
   <div class='ocr_carea' id='block_1_3' title="bbox 230 4579 1426 4667">
    <p class='ocr_par' dir='ltr' id='par_1_5' title="bbox 230 4579 1426 4667">
     <span class='ocr_line' id='line_1_41' title="bbox 230 4579 1426 4667; baseline 0.003 -24"><span class='ocrx_word' id='word_1_349' title='bbox 230 4599 302 4644; x_wconf 81' lang='lat' dir='ltr'><strong>sese</strong></span> <span class='ocrx_word' id='word_1_350' title='bbox 322 4585 354 4646; x_wconf 89' lang='lat' dir='ltr'><strong>et</strong></span> <span class='ocrx_word' id='word_1_351' title='bbox 372 4580 511 4666; x_wconf 87' lang='lat' dir='ltr'><strong>quinque</strong></span> <span class='ocrx_word' id='word_1_352' title='bbox 530 4581 720 4667; x_wconf 78' lang='lat' dir='ltr'><strong>sdjicinntsu</strong></span> <span class='ocrx_word' id='word_1_353' title='bbox 733 4581 808 4648; x_wconf 88' lang='lat' dir='ltr'><strong>huic</strong></span> <span class='ocrx_word' id='word_1_354' title='bbox 828 4603 966 4664; x_wconf 84' lang='lat' dir='ltr'><strong>numero,</strong></span> <span class='ocrx_word' id='word_1_355' title='bbox 986 4581 1106 4649; x_wconf 86' lang='lat' dir='ltr'><strong>dicente</strong></span> <span class='ocrx_word' id='word_1_356' title='bbox 1118 4579 1282 4667; x_wconf 73' lang='lat' dir='ltr'><strong>sciptura:</strong></span> <span class='ocrx_word' id='word_1_357' title='bbox 1302 4582 1426 4649; x_wconf 76' lang='lat' dir='ltr'><strong>Beatus</strong></span> 
     </span>
    </p>
   </div>
   <div class='ocr_carea' id='block_1_4' title="bbox 0 0 1522 5300">
    <p class='ocr_par' dir='ltr' id='par_1_6' title="bbox 0 0 1522 5300">
     <span class='ocr_line' id='line_1_42' title="bbox 0 0 1522 5300; baseline 0 0"><span class='ocrx_word' id='word_1_358' title='bbox 0 0 1522 5300; x_wconf 95' lang='lat' dir='ltr'><strong> </strong></span> 
     </span>
    </p>
   </div>
  </div>
 </body>
</html>
