3010 5300
481 453 820 513 APOLOGE'I'IGUS.
1202 405 1245 524 v51
1279 541 1286 552 Ι

50 643 174 709 quoque
195 623 275 704 talis,
304 646 399 710 quam
420 625 560 706 diximus,
588 626 724 712 corporis
749 626 896 692 uelocitas
917 625 1039 692 veritati
1061 631 1154 711 atque
1174 628 1245 694 soli·

50 726 138 793 ditati
167 727 303 812 ejusdem
332 729 468 814 corporis
495 729 705 816 praejudicare
732 751 796 796 non
823 731 941 798 debeat
982 728 1112 796 Namsi
1140 751 1246 796 eornm

49 829 206 896 velocitati
227 830 378 910 conducit
407 833 499 916 quod
527 854 597 897 cum
617 833 666 898 sui
686 838 797 898 natura
824 831 906 898 levia
926 831 996 910 sint,
1024 831 1056 897 in
1077 830 1133 900 illo
1154 833 1245 899 etiarn

48 953 186 1002 summae
214 933 357 1017 puritatis
386 935 509 998 aethere
530 933 679 1012 feruntur,
706 935 761 998 ubi
787 919 874 998 nulla
901 925 945 998 eis
969 939 1059 998 adres
1079 934 1245 999 mindo

47 1030 185 1098 resistit:
205 1032 362 1117 quomodo
387 1055 452 1099 non
477 1037 510 1098 et
536 1039 659 1100 noshas
679 1033 837 1100 velocitati
863 1034 1013 1098 conducet
1032 1037 1064 1098 et
1083 1053 1245 1118 corporum

46 1133 255 1216 spiritualium
282 1135 391 1201 levitas
419 1140 452 1202 st
477 1134 544 1222 ipa'p
568 1135 738 1220 spiritualis
765 1135 901 1222 regionis
920 1134 1028 1221 magis,
1055 1138 1091 1200 ut
1110 1135 1246 1215 aestimo,

47 1233 265 1300 intellectualis
286 1258 379 1320 quam
400 1236 571 1301 materialis
591 1237 729 1321 puritas?

146 1334 207 1401 Sed
237 1337 314 1401 haec
346 1337 414 1421 ipsa
444 1338 477 1402 in
507 1337 688 1422 corporibus
719 1336 944 1424 resurgentium
975 1335 1116 1421 potentia
1148 1336 1245 1403 solida

46 1435 235 1520 penetrandi,
259 1437 370 1504 levitas
390 1459 515 1524 quoque
540 1438 596 1505 illa
616 1444 649 1505 et
669 1439 749 1520 mira
769 1438 917 1504 velocitas
942 1459 1051 1523 parum
1072 1437 1172 1503 adhuc
1191 1443 1246 1504 aut

46 1537 125 1604 nihil
144 1539 184 1604 ad
204 1539 425 1606 beatitudinem
445 1545 500 1608 est
542 1539 633 1608 Unde
662 1545 695 1608 et
720 1563 758 1608 ex
783 1541 897 1607 virtute
926 1539 1156 1606 resurrectionis
1180 1545 1243 1606 tam

45 1639 136 1706 malis
156 1663 252 1726 quam
276 1641 366 1707 bonis
391 1643 563 1708 communis
588 1666 653 1710 esse
678 1648 788 1729 potest
821 1643 903 1708 sicut
926 1643 960 1708 in
980 1642 1100 1730 angelis
1120 1664 1244 1727 quoque

45 1746 110 1807 tam
139 1743 230 1808 malis
258 1765 352 1828 quam
379 1744 469 1810 bonis
497 1767 553 1832 par
580 1745 735 1826 velocitas,
766 1745 904 1830 aequalis
925 1750 957 1810 et
987 1744 1127 1829 potentia
1146 1744 1245 1811 solida

45 1845 225 1930 penetrandi
246 1850 299 1911 est
342 1845 425 1914 Nam
445 1847 563 1915 moveri
584 1849 624 1914 ad
640 1848 741 1915 Deum
762 1851 795 1938 et
815 1847 848 1914 in
860 1848 928 1914 Deo
949 1845 1073 1932 pietatis
1094 1851 1126 1914 et
1146 1846 1244 1913 chari·

45 1946 119 2012 tatis
144 1948 314 2029 affectibus,
339 1949 503 2036 ipsumque
527 1950 651 2016 haurire
675 1949 886 2036 spiritualibus
911 1948 1048 2034 corporis
1073 1953 1110 2015 et·
1124 1948 1244 2015 animae

44 2049 193 2131 sensibus,
214 2055 246 2116 et
266 2073 338 2117 eum
359 2053 393 2118 in
412 2075 446 2118 se
466 2074 529 2119 non
544 2052 681 2137 judicem
702 2075 737 2118 ac
750 2051 911 2132 vindicem
931 2051 984 2117 sed
997 2055 1117 2136 patrem
1131 2051 1244 2118 babere

44 2173 80 2217 ac
100 2173 255 2238 sponsum,
284 2160 316 2222 et
336 2155 486 2242 quidquid
513 2156 648 2222 salutare
676 2177 712 2222 sc
737 2155 916 2222 deliciosum
944 2153 1108 2221 desiderari
1128 2156 1243 2240 potests

44 2253 75 2319 id
96 2255 197 2323 solum
211 2257 410 2325 beatitudinis
424 2263 484 2336 est;
504 2257 637 2324 maxime
651 2281 721 2324 cum
744 2262 776 2324 et
789 2279 863 2324 rasa
876 2261 990 2336 nostra,
1010 2255 1114 2323 anima
1127 2255 1244 2322 scilicet
1277 2257 1355 2340 (51)

44 2361 76 2422 et
97 2379 215 2445 corpus,
243 2361 343 2428 eidem
371 2361 484 2428 sisium
511 2365 543 2427 et
569 2359 787 2427 inhabitationi
807 2359 866 2426 Dei
893 2357 1123 2426 resurrectionis
1142 2357 1243 2444 grstia

44 2464 76 2524 et
95 2459 210 2527 virtute
230 2469 411 2548 praeparata
432 2466 465 2530 et
484 2463 617 2530 solidata
636 2463 707 2543 sint
734 2468 771 2529 ut
795 2463 899 2529 videre
920 2483 991 2528 eum
1012 2461 1178 2538 valeamus,
1201 2460 1242 2526 si·

43 2565 107 2630 cuti
129 2570 183 2632 est
224 2566 305 2645 Quid
326 2572 374 2634 cst
392 2569 496 2634 ridere
516 2589 587 2634 eum
607 2567 706 2636 sicuti
727 2573 782 2650 est,
804 2567 863 2632 nisi
884 2567 1002 2653 gratiae
1023 2569 1056 2630 et
1075 2565 1242 2651 sapientiae

43 2665 244 2734 indeficientis
272 2670 496 2755 plenitudinem
520 2669 730 2736 indeficienter
750 2690 786 2734 ac
813 2669 904 2754 plene
924 2667 1068 2735 hauriret
1094 2667 1175 2734 sicut
1194 2668 1240 2734 ni·

41 2767 156 2834 mirum
176 2770 299 2854 aquilae
321 2771 353 2837 in
373 2773 568 2859 sphaeram*)
589 2770 665 2838 solis
685 2770 907 2837 breverbsrata
928 2772 1089 2852 oculorum
1110 2770 1175 2836 acie
1196 2771 1240 2836 di·

43 2875 156 2938 cuntur
180 2872 349 2954 intendere,
376 2874 514 2942 videntes
543 2897 614 2941 eum
642 2873 851 2940 indeficienter
877 2896 913 2940 ac
940 2873 1040 2959 plene,
1067 2871 1241 2958 sicutipse

40 2971 218 3041 indeficiens
240 2997 276 3042 sc
296 2967 406 3060 plenus
426 2975 553 3044 luminis
574 2982 628 3044 est

140 3076 186 3143 At
205 3098 262 3143 nos
276 3077 400 3144 interim
421 3079 454 3145 in
469 3079 527 3145 hac
541 3078 616 3158 vita
636 3076 717 3144 sicut
737 3099 793 3144 nec
814 3077 912 3145 solem
926 3077 1020 3144 istum
1033 3075 1240 3143 indeficienter

40 3173 76 3244 a'c
89 3178 180 3263 plens
198 3180 360 3262 cernimus,
380 3180 426 3247 ita
446 3185 478 3248 et
492 3181 660 3268 sapientiae
674 3203 878 3267 nequaquam,
898 3181 979 3248 deut
991 3186 1046 3260 est
1059 3180 1114 3247 sed
1126 3180 1239 3265 raptim

40 3285 72 3348 at
92 3287 261 3370 utcumque
290 3289 479 3364 contuemur,
513 3307 550 3351 eo
578 3286 662 3371 quod
689 3283 769 3352 acies
798 3306 943 3351 sensuum
971 3289 1003 3350 et
1025 3283 1239 3351 intellectuum

39 3389 216 3452 nostrorum
243 3390 380 3455 nondum
407 3389 447 3454 ad
472 3387 646 3474 aquilarum
667 3386 854 3467 caelestium,
878 3385 1021 3474 videlicet
1049 3387 1239 3474 angelorum,

38 3489 227 3558 soliditatem
247 3497 280 3559 et
293 3493 460 3580 puritatem
474 3496 686 3579 pervenerunt
717 3491 826 3558 Placet
838 3495 942 3557 autem
961 3494 994 3556 at
1006 3489 1237 3580 similitudinem

38 3597 159 3666 videndi
179 3601 282 3668 Deum
306 3601 405 3669 musti
427 3605 472 3671 est
499 3599 594 3666 etiam
615 3623 634 3666 a
654 3598 804 3666 sideribus
824 3619 953 3666 sumere
994 3596 1078 3665 Nam
1100 3619 1170 3664 curn
1190 3598 1238 3665 sol

39 3699 109 3782 lons
130 3700 211 3789 ignis
226 3707 258 3768 et
277 3693 402 3769 luminis
423 3701 558 3768 aetherei
577 3701 627 3780 sit
648 3723 742 3786 aquo
763 3702 839 3768 luna
859 3706 891 3768 st
910 3700 1019 3766 stellae
1032 3700 1134 3766 lucem
1148 3721 1237 3766 snam

38 3804 78 3868 ad
99 3805 256 3890 exemplar
281 3804 449 3890 specularis
476 3809 629 3886 mutuant
656 3803 683 3871 si
709 3803 832 3871 videndi
857 3823 980 3872 sensum
1005 3801 1080 3870 luna
1100 3801 1236 3881 haberet
1439 3865 1444 3873 .

37 3928 109 3974 non-
121 3916 225 3977 tamen
245 3912 284 3976 de
304 3911 372 3996 ipsa
392 3911 492 3977 dicere
512 3909 698 3990 conveniret
717 3909 793 3994 quia
812 3910 929 3976 videret
949 3908 1047 3975 solem
1066 3907 1161 3976 suci
1180 3911 1234 3974 est
1370 3921 1372 3927 ⁴

37 4009 111 4078 Non
146 4012 229 4077 enim
260 4012 352 4097 plena
380 4012 529 4096 puritate,
560 4013 614 4078 sed
644 4009 734 4097 quasi
775 4011 915 4079 sordibus
948 4009 1064 4076 iniecta
1098 4031 1154 4075 noc
1188 4009 1234 4074 in·

37 4111 214 4178 deficienter
247 4113 346 4179 solem
380 4111 513 4198 respicit
547 4134 584 4179 eo
626 4112 710 4198 qnod
757 4113 899 4179 umbram
932 4117 1032 4178 terrae
1067 4111 1234 4195 aliquando

35 4211 174 4278 incidens
201 4213 326 4280 luminis
344 4214 564 4280 detrimentum
592 4213 750 4280 nutineat
791 4212 837 4279 At
861 4234 933 4279 vero
960 4211 1070 4278 stellae
1097 4211 1234 4295 reliquae

36 4313 185 4412 quoniam
205 4314 397 4381 sublimitate
417 4320 449 4381 et
469 4313 671 4400 amplitudine
692 4313 877 4380 circrdorum
897 4334 1024 4380 suorum
1043 4315 1145 4377 terrae
1165 4333 1233 4376 um·

34 4415 123 4482 brarn
151 4435 216 4484 uon
242 4414 383 4482 incidunt
409 4437 466 4482 nec
494 4414 635 4483 sordibus
662 4413 793 4481 iniectae
821 4411 973 4494 videntur,
999 4412 1037 4479 ds
1064 4412 1113 4480 his
1134 4412 1233 4480 dicere

135 4619 161 4692 ¹²)
178 4637 227 4678 mn
243 4637 357 4693 epum
373 4634 449 4676 mors
464 4617 537 4675 illius
554 4617 623 4677 aevi

1044 4715 1079 4772 4·
