3010 5300
513 359 851 420 nronoonrroua.
1237 371 1278 430 55

78 531 206 598 Domini
227 531 320 598 misso
341 531 386 598 sio
406 531 462 597 ait:
491 531 625 602 Poterat
649 540 852 623 rmgrrestum
879 536 966 603 utrae
987 536 1179 604 emenoni
1199 537 1279 624 plna

79 658 177 722 quom
203 637 350 706 trecentis
374 638 520 706 morlia
545 643 575 706 et
603 639 681 708 duri
708 639 921 728 peraperte.
964 641 1047 708 Hinc
1075 643 1123 708 vir
1149 643 1278 710 illustris

1 725 2 752 ¹
78 739 299 826 Hieronymus:
328 738 393 807 Sub
422 744 592 826 praetextu,
619 741 732 826 inquit
758 741 904 809 avaritiae
932 743 1113 829 mysterium
1139 743 1278 830 loquitur

78 841 158 910 fidei.
199 840 325 910 Etenim
353 847 459 910 nostra
479 843 553 910 tides
581 845 727 912 trecentis
749 845 862 910 emitur
886 844 1027 924 denmiis,
1055 846 1086 912 id
1108 851 1154 913 est
1174 846 1277 914 desem

1 963 2 990 ¹
77 945 224 1024 sensibus,
259 965 315 1030 per
346 964 457 1030 corpus
489 950 522 1012 et
552 947 688 1012 animam
724 951 756 1013 et
790 939 933 1031 spiritum
967 947 1139 1032 triplicatirt
1191 949 1278 1014 Haec

77 1045 108 1115 S.
129 1046 338 1132 Hieronymus
364 1045 397 1112 in
418 1045 600 1115 Commenta
626 1069 719 1134 super
739 1047 887 1127 Marcum,
915 1047 1050 1115 breviter
1074 1048 1149 1115 satis
1170 1053 1202 1116 ct
1222 1051 1277 1116 ob·

66 1170 164 1242 ¹scura
194 1148 334 1236 singulos
364 1167 471 1215 seusun
501 1149 631 1237 singilis
666 1149 797 1216 denariis
829 1155 990 1236 coaptans,
1020 1151 1121 1231 credo,
1149 1157 1277 1238 propter

77 1251 259 1339 decalogum
279 1250 366 1338 legis,
395 1251 445 1318 cui
470 1251 564 1318 iidem
590 1274 696 1320 sensus
721 1253 754 1319 in
775 1253 842 1320 viro
863 1250 946 1318 lideli
967 1251 1097 1338 subjecti
1117 1259 1198 1335 sunt,
1226 1255 1276 1322 vel

77 1357 203 1440 propter
223 1353 427 1438 multiplicem
448 1359 480 1420 et
493 1355 664 1441 perlectum
686 1357 852 1422 eonmdem
873 1377 1018 1422 sensuum
1033 1359 1098 1422 tam
1118 1357 1151 1423 in
1164 1356 1275 1424 divinis

75 1477 169 1542 quam
184 1455 216 1521 in
231 1456 374 1522 humanis
388 1457 480 1524 rebus
493 1479 592 1525 usum.
613 1457 674 1536 Qui
685 1457 829 1526 videlicet
843 1457 960 1524 denarii
980 1479 1125 1524 sensuum
1145 1481 1215 1526 cum
1230 1464 1275 1526 ter

75 1556 144 1624 deni
165 1578 221 1644 per
234 1579 344 1644 corpus
366 1562 398 1624 et
417 1559 552 1627 animam
573 1565 606 1626 et
625 1559 768 1647 spiritum
782 1561 853 1642 sint
874 1581 982 1627 omnes
1002 1581 1131 1628 numero
1146 1561 1275 1628 trecenti

75 1659 168 1738 liuntp
196 1659 296 1726 decies
324 1659 407 1726 enim
434 1661 563 1750 triginta
590 1663 640 1734 rel
668 1663 809 1751 trigesiea
837 1663 941 1730 decem
970 1667 1122 1730 trecentos
1150 1663 1274 1732 sariunt
1419 1703 1423 1710 ,

74 1761 146 1829 Jam
166 1782 239 1828 vero
259 1761 286 1828 ai
307 1767 514 1831 trecenorum
535 1763 732 1831 denariorum
753 1785 906 1831 summam
925 1769 1093 1851 computes,
1113 1765 1222 1851 utique
1236 1767 1274 1833 ad

75 1863 134 1932 tria
154 1863 253 1932 millia
274 1864 437 1933 obolorum
458 1867 616 1952 pervenire
637 1887 816 1956 cognoscem
842 1866 942 1935 decies
963 1866 1045 1933 enim
1065 1867 1195 1934 trecenti
1215 1868 1275 1934 tria

74 1965 174 2034 millia
194 1965 364 2053 perficiunt
402 1967 513 2054 Itaque
533 1969 567 2035 in
588 1969 688 2036 tribus
708 1969 856 2058 gradibus
876 1967 940 2034 sire
960 1968 1111 2036 limitibus
1131 1991 1274 2036 sensuum

74 2073 251 2136 nostrorum
272 2069 445 2155 profectum
467 2071 517 2138 rel
538 2075 654 2138 statum
675 2071 867 2139 considerare
888 2075 944 2151 est,
964 2069 995 2136 id
1024 2075 1072 2136 est
1098 2070 1132 2137 in
1152 2071 1274 2150 deceno,

74 2175 250 2239 trecenteno
271 2175 365 2260 atque
385 2171 522 2242 milleno.
557 2173 664 2241 Primo
686 2173 768 2242 enirn
790 2172 879 2259 quasi
900 2171 1030 2260 triginta
1049 2173 1204 2261 argenteis
1223 2173 1273 2260 pie

75 2295 111 2342 cc
130 2275 275 2365 religiose
300 2275 470 2344 Dominum
495 2276 560 2344 sive
585 2297 696 2364 agrum
716 2274 871 2344 Dominioi
896 2273 1032 2360 corporis
1059 2273 1149 2342 nobis
1174 2275 1206 2341 in
1227 2296 1274 2342 re·

75 2377 179 2464 quiem
207 2379 384 2466 sepulturae
412 2399 635 2465 comparamus,
659 2378 726 2464 jam
754 2379 853 2446 dictos
878 2376 1008 2466 triginta
1035 2398 1141 2445 sensus
1161 2376 1194 2444 in
1214 2377 1274 2445 fide

73 2480 273 2550 dtrinitatie
300 2483 371 2568 piae
399 2483 514 2551 actioni
541 2482 759 2570 mancipantes
801 2480 942 2550 Secundo
970 2481 1114 2548 trecentis
1141 2479 1273 2548 denariis

74 2584 283 2670 appreciatum
304 2589 497 2672 unguentum
522 2585 557 2652 in
576 2585 705 2654 Domini
730 2605 840 2670 corpus
867 2584 1028 2664 nnttmrm,
1055 2583 1129 2650 dum
1150 2584 1272 2650 eosdem

72 2708 187 2766 sensus,
207 2685 240 2752 in
261 2709 352 2754 usum
376 2687 569 2773 spiritualem
589 2688 739 2766 redactos,
765 2686 1020 2771 contemplationi
1046 2690 1078 2752 et
1102 2685 1272 2751 ministerio

17 2783 40 2804 “’
73 2787 159 2854 verbi
190 2788 228 2854 ad
258 2787 402 2856 ecclesiae
431 2789 605 2874 profectum
632 2788 851 2876 impendimus,
879 2793 916 2854 ut
944 2788 983 2854 de
1013 2791 1120 2854 nostro
1150 2807 1273 2872 quoque
1308 2789 1384 2872 (55)

72 2894 175 2962 studio
197 2894 257 2962 dici
277 2895 453 2965 conveniat:
475 2897 635 2980 specuium
661 2895 790 2982 impleto
817 2900 863 2964 eet
888 2895 998 2963 moene
1023 2916 1063 2963 eo
1090 2893 1184 2962 odore
1208 2913 1271 2962 un·

70 3000 195 3088 prepeti,
217 3006 247 3069 et
269 3002 348 3088 puio
369 3003 445 3071 tneo
465 3001 549 3087 fecit,
573 3001 768 3071 emolitur
788 3001 827 3070 ic
848 2999 1035 3068 montorium
1055 2999 1132 3086 ejus.
1166 2999 1270 3066 Tertio

73 3121 145 3167 roro
174 3102 213 3169 ad
242 3103 410 3170 millenarii
438 3104 660 3190 perlectionem
689 3107 721 3170 et
750 3102 840 3188 quasi
871 3101 1050 3188 oubitum†)
1081 3099 1271 3168 aeternitatis

71 3207 188 3270 statum
209 3205 376 3292 iisdcmst)
398 3227 505 3292 sensus
530 3206 628 3273 nostri
654 3205 833 3291 pervenient
857 3204 890 3271 in
911 3203 965 3283 eis,
990 3203 1044 3289 qui
1071 3201 1157 3291 digni
1178 3201 1271 3269 habe·

72 3306 188 3374 buntur
207 3327 305 3396 regno
329 3308 395 3389 illo,
419 3307 452 3375 in
474 3328 538 3394 quo
563 3307 621 3375 lilii
641 3307 701 3376 Dei
722 3305 838 3374 similes
859 3307 888 3373 ei
909 3309 1008 3386 erunt
1032 3304 1171 3373 ridentes
1192 3326 1271 3384 eum,

71 3408 163 3474 aienti
184 3414 239 3490 est,
267 3415 300 3476 et
326 3415 555 3500 cognoscentes,
582 3410 664 3478 sieut
690 3415 722 3476 et
746 3409 865 3498 cogniti
890 3413 971 3476 sunt
1012 3407 1057 3475 ut
1076 3407 1153 3474 haec
1173 3407 1269 3474 beati·

1 3557 2 3562 1
72 3509 188 3578 tudinis
213 3517 338 3580 nostae
362 3535 485 3582 summa
510 3515 577 3595 erit
605 3535 712 3581 sensus
739 3511 877 3598 corporis
902 3512 1000 3578 nostri
1028 3511 1210 3598 animaeque
1234 3532 1270 3576 ac

71 3613 200 3700 spiritua
217 3615 257 3681 ad
278 3637 417 3684 summae
434 3617 582 3683 trinitatis
602 3615 770 3702 perlectam
792 3619 824 3682 et
837 3614 926 3701 quasi
946 3612 1152 3680 millenariam
1165 3611 1270 3700 ecgni-

71 3709 189 3784 tionem
221 3717 403 3802 pervenisse
456 3719 548 3787 Hane
578 3720 660 3786 enim
688 3717 889 3786 beatitudinis
920 3737 1065 3785 sensuum
1094 3720 1270 3782 nostorum

71 3819 231 3886 cumulum
256 3823 304 3886 ter
327 3820 536 3888 millenarium
560 3821 721 3906 apostolus
748 3820 810 3899 ille,
836 3818 978 3904 quamvis
1001 3817 1136 3903 pertidus
1157 3821 1190 3884 et
1208 3821 1269 3883 tra·

71 3919 162 4000 ditor,
189 3921 253 3987 imo
274 3920 399 4006 spiritus
419 3944 475 4008 par
500 3943 580 4003 eum,
607 3922 688 3989 sicut
709 3925 741 3988 at
760 3942 817 4007 per
838 3919 989 4006 caipham
1016 3918 1204 4003 pontificem,
1224 3917 1269 3984 lo-

72 4049 178 4114 quens,
199 4027 334 4097 innuisse
347 4029 469 4098 ridetur
488 4029 522 4096 in
542 4051 589 4110 eo,
602 4030 686 4116 quod
705 4027 826 4094 infinite
846 4026 903 4094 ait:
916 4023 999 4094 Plus
1014 4045 1111 4112 prom
1126 4023 1271 4094 trwentie

72 4133 224 4202 domme.
266 4134 413 4213 Quamvis
442 4135 525 4203 enim
552 4135 586 4202 in
615 4133 760 4202 trecentis
787 4133 921 4200 denariis
951 4137 999 4198 ter
1030 4131 1117 4198 mille
1147 4131 1270 4196 valeant

70 4235 348 4323 intelligitamen,
361 4239 436 4324 quia
455 4237 654 4306 beatitudinis
674 4238 816 4303 aetarnae
836 4235 980 4312 cumulus
1000 4235 1057 4302 sub
1078 4233 1166 4300 nullo
1187 4235 1270 4298 certo

71 4359 200 4408 numero
232 4341 317 4406 ualet
346 4339 459 4427 redigi,
490 4340 559 4406 ideo
591 4335 785 4423 indelinitn*)
816 4336 1004 4404 dictiuncula
1038 4335 1140 4421 ipsum
1171 4332 1270 4420 magis

69 4443 208 4519 innume,
229 4461 322 4526 quam
344 4439 617 4509 dicere'convenit
1171 4505 1176 4515 ,

68 4537 340 4636 ”Wmsue
356 4563 483 4622 mensa
500 4563 549 4620 en.
566 4579 593 4634 p.
610 4563 651 4619 ee.
668 4587 702 4602 -
719 4562 763 4632 p)
780 4559 863 4618 neem
880 4561 925 4632 (a).
942 4588 974 4601 -
992 4560 1018 4630 ·)
1036 4575 1084 4616 nn
1101 4555 1217 4629 mes
