3010 5300
483 339 817 401 APOLOGETIOUS.
1212 352 1250 413 13

66 491 179 557 utonis
206 493 382 560 demoreris
424 492 505 561 Item
533 497 614 562 alius
642 495 819 562 nominatus
846 496 995 583 magister
1022 498 1055 562 in
1083 495 1251 565 Sententiis
1354 571 1356 574 ,

43 554 111 660 huis
132 593 192 659 ait:
213 592 378 674 Christum,
406 595 611 680 inquantum
632 597 727 663 homo
749 601 804 676 est,
833 597 914 663 sieut
933 619 991 664 nos
1012 599 1140 686 diligere
1161 601 1250 666 debe·

41 660 131 792 iorum
152 685 350 781 ejusdemque
370 698 537 763 secundum
557 699 716 765 hominem
738 698 872 779 dilectio,
892 699 949 766 illo
970 699 1145 767 continetur
1164 723 1250 768 man·

39 795 129 902 pilato,
143 821 206 885 quo
227 800 441 886 praecipimur,
461 801 637 886 proximum
650 801 788 888 diligere,
809 802 889 868 sicut
902 805 1025 868 uosmet
1046 803 1145 888 ipsos;
1159 824 1250 888 quem

38 901 139 968 letiam
162 904 329 969 secundum
356 903 515 970 hominem
535 905 635 992 magis
657 926 751 991 quam
776 927 842 986 nos,
870 927 942 985 non.
969 911 1120 991 quantum
1142 907 1250 986 Deum,

46 1004 175 1090 diligere
196 1006 350 1085 dehemus,
371 1006 453 1092 quia,
474 1007 506 1072 in
520 1013 672 1092 quantum
693 1011 740 1074 est
760 1009 864 1088 homo,
885 1009 987 1075 minor
1007 1013 1054 1074 est
1067 1009 1143 1076 Deo.
1171 1007 1249 1076 Item

47 1109 128 1172 idem
157 1109 190 1173 in
220 1109 337 1176 Gloasis
366 1111 509 1177 Psnlterii
550 1113 583 1177 in
617 1115 700 1179 hune
735 1137 872 1182 versum:
905 1115 1063 1186 Eoeallale
1087 1116 1250 1183 maslaum

47 1207 154 1274 Deum
167 1215 322 1290 nostum,
340 1217 370 1277 et
387 1213 517 1278 aseae
534 1213 696 1280 scabebam
709 1217 828 1297 pedam
843 1216 917 1298 pru,
934 1219 1086 1298 mmmmm
1104 1225 1249 1285 sanctem

30 1311 106 1380 eal!
127 1311 172 1379 ait
191 1313 274 1380 inter
294 1318 427 1381 caetera:
447 1314 623 1383 Videndum
645 1321 700 1396 est
721 1317 795 1402 quid
816 1339 873 1383 nos
890 1318 1001 1403 jubeat
1021 1319 1157 1399 adomre,
1178 1341 1247 1385 oum

44 1421 132 1490 dicit:
164 1421 304 1492 leorae
335 1423 499 1492 scabellum
529 1425 649 1511 pelleum
681 1424 758 1510 ejula
800 1423 927 1492 Tenum
948 1425 1116 1492 scabellum
1136 1425 1248 1511 pedum

43 1528 110 1616 cjm
132 1555 206 1614 esse,
227 1529 302 1601 dicit
322 1531 397 1601 alibi
427 1531 580 1622 seriphum
600 1531 650 1602 his
677 1531 794 1602 verbis:
829 1531 956 1604 θαείιιηι
981 1533 1060 1604 mulsi
1084 1535 1168 1604 sedes
1189 1537 1248 1619 est·

45 1645 130 1709 terra
163 1647 270 1710 ouum
302 1641 464 1710 scabellum
490 1644 602 1729 paulu
631 1665 779 1712 mmrnua
822 1643 909 1732 Ergo
937 1649 1051 1710 terram
1074 1642 1166 1728 jubet
1192 1667 1248 1711 uus
1281 1642 1354 1728 (13)

22 1695 178 1826 lacerare,
199 1744 273 1832 quia
294 1750 341 1813 est
360 1747 529 1814 scabellum
552 1748 664 1833 pedum
687 1747 761 1832 ejus.
803 1747 864 1816 Sed
890 1748 965 1816 alibi
986 1747 1061 1816 dicit
1084 1748 1247 1834 scriptura:
1435 1729 1438 1737 ¹

42 1850 221 1922 Dominam
241 1853 348 1922 Deum
375 1859 466 1923 turem
483 1855 629 1923 adorabis
650 1861 681 1924 et
699 1856 747 1923 ulli
767 1855 825 1923 soll
845 1857 967 1925 savies.
1001 1854 1062 1924 Sed
1081 1856 1247 1936 sciendum,

17 1957 19 2016 Ῑ
42 1956 116 2042 quia
137 1955 308 2026 irGhristo
330 1961 412 2026 tenu
434 1961 488 2039 est,
509 1958 542 2025 id
563 1961 706 2040 estuare,
727 1980 806 2044 quae
827 1959 894 2026 sius
914 1958 1074 2046 impietate
1094 1961 1245 2028 adoratur.

41 2059 184 2145 Suscepit
205 2061 287 2128 enim
309 2064 346 2128 dc
367 2068 450 2129 tana
470 2067 599 2138 terram;
621 2061 694 2148 quia
714 2085 786 2129 caro
808 2063 846 2129 de
866 2067 948 2130 tenu
968 2066 1023 2142 est,
1044 2063 1133 2130 etde
1154 2084 1245 2130 earne

41 2160 157 2228 Mariae
172 2185 296 2230 earnem
310 2165 436 2250 aecepit
470 2165 558 2231 Haec
578 2165 645 2231 sine
665 2165 825 2250 impietate
846 2164 984 2231 aVerhc
998 2165 1058 2232 Dei
1079 2171 1245 2251 assumpta,

40 2266 187 2333 adoratur
207 2291 226 2332 a
247 2267 346 2348 nobis,
374 2268 448 2354 quia
476 2289 567 2334 nemo
596 2290 721 2334 carnem
751 2269 817 2352 ejus
845 2267 1049 2354 spiritualiter
1072 2268 1245 2345 munducat

39 2367 99 2434 nisi
126 2370 212 2456 prius
242 2372 359 2440 adomt
404 2371 449 2438 Et
475 2370 551 2438 hacc
580 2369 705 2456 quidem
737 2371 776 2437 de
804 2371 905 2437 verbis
926 2371 1095 2458 Augustini
1121 2375 1245 2456 sumpta

38 2472 190 2540 catholice
211 2475 293 2541 dieta
313 2477 397 2551 sunt;
419 2473 531 2559 quibus
548 2474 615 2559 jum
637 2475 736 2540 dictus
757 2473 906 2561 magister
927 2474 1009 2541 dieta
1028 2496 1085 2540 sua
1105 2473 1244 2559 subjecit,

38 2574 226 2643 adorationis
246 2578 372 2644 modum
393 2577 608 2645 determinans.

138 2679 210 2747 Non
233 2680 312 2762 dieo,
332 2679 443 2766 inquit
470 2679 526 2748 illa
551 2680 731 2748 adoratione
759 2702 883 2747 carnem
903 2678 1018 2747 Christi
1046 2679 1242 2760 adoraudum,

14 2803 117 2878 ¹⁴<purae
137 2783 231 2851 latria
251 2790 299 2852 est
318 2821 361 2834 -·
382 2807 462 2870 quae
490 2785 551 2852 seli
571 2785 703 2852 meatori
722 2785 851 2852 debetur
870 2821 921 2865 -‚
941 2785 995 2850 sed
1016 2783 1081 2866 illa,
1108 2806 1188 2870 quae
1208 2783 1241 2850 iu

27 2884 123 2952 'dulia
143 2885 268 2973 dignior
289 2892 343 2954 cst
384 2888 480 2954 Duliu
508 2887 590 2954 enim
611 2888 751 2955 ademtis
778 2892 833 2969 est
854 2911 933 2972 quae
962 2884 1056 2954 etiarn
1084 2891 1241 2953 menturae

37 2987 207 3056 exhibetur.
249 2988 334 3067 Quae
356 2991 431 3057 duas
451 2989 567 3076 species
593 2989 705 3056 hahet:
729 3013 824 3056 unam
845 3012 929 3078 quaa
945 2990 1155 3056 indifferenter
1175 3011 1240 3055 om·
1326 3063 1330 3072 ¹
1428 3055 1437 3067 ,

36 3089 135 3170 nibus,
164 3091 296 3158 alteram
318 3114 397 3177 quae
422 3093 482 3158 soli
509 3091 696 3159 humanitati
717 3091 832 3160 christi
857 3093 1027 3160 exhibetur.
1069 3092 1155 3158 Haec
1175 3114 1240 3157 ma·

24 3191 132 3278 ‚gista
151 3193 263 3262 Petnrs
283 3193 504 3282 longobardus
525 3196 557 3262 in
580 3193 697 3262 Glossis
711 3195 855 3263 Psulterii
874 3195 974 3274 dicere
995 3217 1058 3262 nun
1079 3193 1240 3283 dubitavit

8 3279 96 3750 pu
126 3302 158 3363 a
187 3297 241 3364 uu
272 3297 398 3365 uuum
428 3298 605 3384 upuunu
637 3297 675 3363 a
707 3297 831 3366 crau
864 3299 939 3365 uuo
971 3297 1060 3364 auur
1089 3299 1174 3376 uns.
1203 3300 1240 3362 a

8 3438 26 3484 a·
57 3399 135 3467 'cere
154 3423 218 3466 uon
239 3401 454 3482 dubitaverint
475 3400 508 3467 in
528 3400 588 3469 hac
608 3399 781 3467 locutione:
810 3401 915 3468 Homo
937 3405 985 3467 est
1004 3400 1099 3479 Deus,
1119 3399 1239 3465 nnllam

8 3486 19 3594 ⁴⁴
51 3525 100 3570 em
121 3502 182 3570 diei
202 3504 312 3585 Deum,
333 3505 387 3572 sed
407 3503 526 3590 aliquid
546 3504 614 3570 Deo
635 3503 771 3583 unitum
798 3503 886 3570 item:
915 3501 1056 3571 Christus
1077 3504 1124 3567 est
1145 3500 1238 3580 Deus,

8 3609 26 3726 p*
45 3614 78 3676 et:
105 3609 176 3698 Ego
204 3607 399 3696 principium,
420 3599 485 3694 ¹pre
514 3611 602 3694 purte
630 3607 735 3688 totius,
765 3629 839 3674 uera
868 3611 931 3686 est3
962 3605 1046 3686 item.
1073 3601 1238 3684 Christum

9 3727 104 3804 {fum
128 3712 170 3781 sit
196 3734 309 3780 nemen
334 3733 491 3799 personae,
516 3710 642 3780 tertium
667 3709 701 3778 in
725 3709 865 3778 trinitate
889 3731 1053 3797 personam
1078 3727 1237 3786 nonense,

11 3799 69 3890 *lo
85 3817 169 3905 qua
189 3817 269 3884 um
289 3816 350 3883 mi
362 3816 494 3902 samua
514 3815 549 3883 a
562 3813 703 3883 asnaa
723 3814 776 3894 uu
797 3813 887 3881 ium:
908 3813 1067 3882 cauum
1087 3809 1237 3878 faciente

8 3897 146 3996 3'omen
170 3923 312 3987 sanetum
331 3918 429 3986 Verbi
455 3918 647 3999 assumentis,
676 3917 833 3986 Christum
860 3917 967 3986 dicunt
994 3937 1050 4004 per
1077 3912 1236 3982 hominem

8 3997 10 4086 l
41 4023 122 4109 ¹masi
153 4045 208 4109 per
238 4021 476 4088 instrumentum
508 4021 602 4089 lusisse
629 4021 779 4088 locutum.
820 4020 908 4088 Haeo
938 4024 1043 4087 autem
1073 4017 1177 4084 omnia
1204 4021 1236 4082 et
1255 4019 1304 4060 ι’
1365 4015 1366 4020 ’

8 4183 9 4192 ,
62 4128 131 4194 ulta
150 4126 185 4192 in
212 4124 294 4192 hunc
315 4125 441 4191 modum
468 4124 502 4191 in
529 4145 638 4192 eorum
664 4123 781 4191 notulis
809 4127 841 4190 et
868 4119 1025 4210 opmeulis
1053 4118 1234 4187 invenimus.

44 4229 74 4295 't
93 4249 157 4295 non
178 4225 303 4313 quidem
326 4226 394 4312 jam
414 4225 530 4292 sufficit
550 4225 602 4306 eis,
628 4225 662 4291 in
686 4225 801 4292 scholis
829 4225 954 4292 discolis
974 4223 1056 4289 inter
1076 4222 1234 4308 disputem

8 4307 15 4410 l
39 4333 105 4397 lum
124 4331 176 4398 vel
196 4328 364 4396 sententias
389 4325 572 4414 prolatando
593 4326 670 4394 talia
689 4327 802 4406 diosna
828 4326 905 4413 quin
925 4323 1011 4393 etin
1031 4323 1233 4392 conventibus

25 4415 253 4513 {elaeusa
280 4431 314 4498 u
341 4429 541 4499 mutusne
566 4429 649 4511 aaa
675 4433 707 4497 u
726 4449 831 4497 uam
851 4427 1002 4528 paupe
1030 4427 1107 4494 ura
1127 4424 1233 4494 sumr-

83 4538 135 4599 tur
154 4533 289 4618 impune,
310 4531 468 4600 Ohristum
489 4531 633 4599 videlicet
652 4530 687 4597 in
708 4552 744 4597 eo
766 4532 850 4618 quod
870 4531 965 4598 homo
987 4535 1035 4598 est
1053 4529 1114 4597 Dei
1135 4525 1232 4615 patris
