3010 5300
163 1097 323 1210 Muanda
343 1141 435 1208 nimis
456 1164 493 1208 nc
513 1142 693 1209 detestanda
712 1143 868 1210 veternosi
888 1144 1038 1228 serpentis
1058 1145 1182 1225 astuta
1209 1148 1266 1231 qui
1351 1203 1356 1210 .

61 1247 97 1307 ut
117 1244 193 1310 olim
219 1265 391 1330 congruum
416 1265 489 1310 suae
515 1245 673 1329 nequitiae
701 1244 821 1311 invenit
848 1267 1009 1332 organum,
1033 1245 1078 1311 ita
1103 1269 1185 1314 nunc
1205 1248 1265 1314 sibi

60 1345 176 1432 delegit
190 1345 377 1424 Folmsnm,
397 1344 506 1410 follem
527 1368 675 1424 amanum,
695 1368 864 1430 perquem
885 1347 917 1414 id
936 1347 1115 1414 homiuibus
1130 1350 1266 1427 suadeat
1403 1401 1405 1406 .

60 1449 143 1532 quod
172 1447 206 1512 in
231 1447 388 1513 Christum
413 1447 521 1512 Jesnm
549 1451 697 1533 tanquam
724 1448 757 1514 in
781 1449 884 1514 Deum
911 1449 1097 1516 credendum
1122 1472 1186 1516 non
1210 1451 1266 1528 sit;

59 1653 142 1719 filius
163 1673 227 1717 uon
247 1651 297 1729 sit,
318 1652 463 1737 quodque
482 1651 516 1717 iu
536 1652 761 1736 plenitudinem
780 1659 928 1738 paternae
948 1655 1067 1741 glorise
1088 1654 1266 1722 obedientia

59 1755 167 1821 mortis
188 1758 401 1820 consummata
419 1743 483 1821 non
503 1754 669 1834 manserit
689 1776 727 1821 ae
747 1755 876 1841 proinde
902 1778 958 1823 nec
979 1756 1079 1834 loiris
1104 1777 1184 1842 quae
1203 1757 1265 1824 soli

58 1856 126 1923 Deo
154 1857 290 1933 debebis,
317 1856 371 1920 sed
400 1856 504 1940 potius
532 1856 619 1922 dulia
648 1857 690 1921 sit
721 1857 901 1924 exhibenda
953 1859 1034 1924 Ecce
1065 1858 1163 1944 iffl'tur
1192 1858 1264 1944 plus

58 1980 153 2043 quam
166 1957 329 2023 Nestorius
347 1957 407 2024 bio
442 1957 501 2024 llle
522 1958 605 2023 enim
623 1959 780 2024 homins·
794 1958 1020 2024 coadorandum
1034 1958 1138 2024 Verbo
1151 1959 1265 2036 docuit
1334 2027 1338 2031 ,

57 2059 317 2144 quomadmodum
350 2057 409 2123 sit:
437 2057 554 2142 Separo
580 2063 715 2137 naturas,
743 2059 819 2124 unio
842 2059 1068 2136 odorationem
1096 2059 1184 2125 item:
1210 2057 1263 2126 In-

58 2159 218 2226 confusam
239 2159 337 2245 igitur
361 2163 542 2224 saturanum
563 2160 752 2225 custodimus
774 2160 1031 2243 conjunctionem.
1073 2159 1265 2226 &uremur

56 2263 90 2329 iu
110 2261 237 2329 bomine
251 2263 362 2340 Deum,
381 2283 563 2328 veneramur
584 2262 708 2328 dunas
727 2261 954 2346 conjunctionis
974 2262 1180 2347 omnipotenti
1193 2262 1263 2354 Deo

57 2362 286 2430 coadorandum
304 2361 596 2428 homiuem—Iste
610 2384 683 2428 vero
703 2385 742 2427 ne
762 2363 989 2428 coadorandum
1002 2363 1128 2447 quiden
1149 2368 1262 2429 censet.
1378 2367 1379 2374 ’

57 2465 157 2530 Tanto
178 2463 275 2550 igitur
294 2461 353 2528 ists
373 2483 448 2546 prae
469 2461 615 2528 Nestoris
636 2463 832 2528 damnatione
852 2463 975 2548 dignior
1000 2466 1056 2540 est
1081 2467 1199 2547 quanto
1219 2463 1261 2527 ab

56 2565 235 2634 adoratione
256 2562 354 2631 Verbi
375 2585 499 2630 carnem
520 2562 617 2630 Verbi
638 2563 781 2630 excludit

156 2667 248 2744 Item;
269 2666 434 2734 Nestorius
450 2667 484 2734 B.
499 2666 632 2734 Mariam
645 2667 706 2734 Dei
724 2666 909 2760 genitricem
928 2666 988 2733 dici
1005 2664 1118 2744 vetuit3
1138 2667 1261 2746 docens,

57 2793 126 2838 enm
150 2792 214 2837 nou
235 2771 346 2849 Deum,
370 2771 424 2836 ssd
448 2774 572 2837 tentum
598 2769 770 2836 bominem
785 2771 853 2837 Deo
882 2767 1080 2854 conjunctum
1107 2767 1259 2856 genuisse.

55 2875 119 2941 Iste
140 2876 172 2939 et
192 2872 325 2958 amplius
345 2872 379 2938 in
400 2895 503 2940 errore
523 2868 655 2959 pessimo
682 2872 829 2958 procedit
857 2870 931 2937 dum
960 2874 993 2937 et
1012 2871 1115 2937 Deum
1139 2875 1260 2956 putrem

55 2999 120 3043 esse
141 2974 292 3061 assumpti
313 2999 332 3041 a
353 2974 457 3041 Verbo
479 2975 613 3042 hominis
637 2996 751 3062 negare
776 2975 954 3058 praesumit,
981 2973 1112 3041 afferens
1132 2996 1189 3060 pro
1209 2997 1258 3040 ar·

54 3083 203 3166 gumento
224 3076 302 3144 illud
316 3076 576 3164 philosophicum,
590 3099 652 3164 quo
666 3077 787 3156 dicitur,
808 3099 846 3143 ex
860 3075 1032 3144 insensibili
1052 3075 1132 3143 nihil
1146 3076 1258 3143 sensile

55 3182 146 3248 nesci.
187 3181 258 3247 Hoc
279 3179 362 3246 enim
382 3185 599 3268 argumentum
621 3179 648 3245 si
669 3202 707 3247 ex
725 3178 918 3246 naturalibus
938 3179 972 3245 in
992 3177 1183 3266 theologiam
1203 3182 1257 3245 ad-

54 3283 203 3364 mittitur,
232 3281 391 3349 exinanito
419 3287 466 3350 est
496 3283 584 3363 fides,
616 3305 678 3369 qua
709 3282 839 3349 ecclesis
868 3282 1017 3348 hactenus
1047 3281 1258 3349 indubitanter

77 3386 193 3454 infessa
213 3389 268 3466 est
282 3385 421 3473 Virginis
442 3387 542 3454 filium
563 3387 623 3454 Dei
644 3408 768 3473 quoque
788 3385 888 3452 filium
909 3384 1053 3461 existero;
1074 3384 1156 3470 quis,
1176 3384 1257 3452 sicut

57 3495 136 3580 ,ons
149 3490 234 3556 Deus
254 3492 400 3574 totusque
419 3490 513 3557 homo
535 3494 590 3570 est
610 3489 656 3557 its
675 3489 836 3574 utriusque
849 3486 985 3572 parentis
1006 3491 1090 3552 totus
1112 3491 1160 3554 est
1172 3488 1256 3555 filius

53 3583 251 3660 eomundus.
283 3589 345 3659 Sed
364 3614 404 3659 ne
425 3593 459 3659 iu
478 3593 672 3660 naturalibus
692 3590 818 3679 quideni
837 3589 960 3676 penitus
980 3593 1121 3656 constare
1133 3590 1255 3656 ridetur
1294 3649 1296 3654 .

53 3699 277 3784 argumentum,
298 3716 360 3780 quo
382 3718 420 3763 ex
441 3696 611 3764 insensibili
632 3695 712 3762 nihil
726 3693 838 3761 dicitur
857 3692 970 3760 sensile
990 3692 1082 3773 nasci,
1103 3697 1136 3758 et
1149 3715 1167 3758 e
1180 3715 1254 3760 oon·

52 3819 150 3878 verso,
178 3819 249 3864 cum
271 3796 428 3865 videamus
449 3822 487 3866 ex
507 3799 574 3866 vita
599 3796 698 3887 grani,
726 3817 807 3881 quae
833 3795 972 3862 sensibus
992 3815 1056 3861 non
1076 3795 1254 3881 percipitur,

51 3900 181 3968 herbam
202 3905 234 3965 et
253 3898 379 3986 spicam,
404 3902 497 3970 simul
518 3908 550 3968 et
570 3901 633 3968 alia
652 3899 686 3966 in
706 3897 792 3984 spica
810 3919 909 3985 grana
928 3897 1022 3964 nasci
1062 3896 1150 3963 Pone
1171 3897 1254 3964 enim

51 4025 150 4090 grana
174 4001 322 4068 frumenti
350 4004 414 4070 alia
441 4007 480 4072 od
510 4006 609 4072 solem
629 4002 723 4087 aut†)
751 4001 785 4066 in
813 3999 905 4066 fumo
925 3999 1089 4076 desiccsta;
1120 4020 1253 4085 quorum

26 4083 124 4292 be
145 4099 1252 4291 mimium

26 4297 100 4387 isit,
119 4330 211 4374 sensu
231 4313 337 4375 umen
357 4309 390 4376 in
410 4309 460 4376 his
472 4311 524 4377 vel
544 4309 607 4376 illis
620 4307 760 4393 vigorem
773 4304 824 4372 vel
844 4293 1079 4370 exstinctionem
1099 4302 1251 4388 ejusmodi
1346 4369 1349 4378 ,

26 4397 29 4472 i
148 4479 178 4550 t)
195 4477 310 4550 alico).

104 1551 144 1616 ed
164 1549 259 1615 homo
280 1549 335 1615 ille
356 1549 389 1614 in
403 1549 504 1615 Deum
524 1555 699 1635 assumptus
713 1550 772 1617 Dei
786 1551 885 1637 patris
905 1551 1062 1619 naturalis·
1075 1555 1108 1618 et
1120 1553 1265 1638 proprius
