3010 5300
95 1 140 174 t.
207 166 217 180 .,

14 234 39 387 t
114 253 124 427 ,ἱ

91 169 139 594 j
530 352 880 412 Arououltmcun
1257 361 1296 424 39

13 533 43 600 ζ·
70 580 87 618 e
137 527 225 606 imae,
253 525 356 593 divirro
385 525 502 592 auxilio
530 525 704 611 implorato,
733 525 828 592 etiam
857 526 890 592 in
918 525 1034 592 bonum
1054 525 1171 607 haberi,
1198 527 1297 594 comis

11 587 59 762 ,ἶ
96 635 201 696 tumen
222 649 328 695 eonrm
350 650 387 693 ex
415 627 552 714 corporis
580 628 793 714 complexione
823 627 967 695 oriundis.
1009 627 1070 695 Sed
1096 627 1135 694 de
1161 627 1211 694 his
1237 629 1297 715 ipsi

96 731 235 800 viderint
267 731 367 799 Nobis
389 735 471 798 certe
491 731 595 818 palam
617 736 672 811 cst,
693 754 730 798 ex
752 731 873 799 animae
893 730 1007 798 virtute
1028 752 1139 818 corpus
1159 731 1296 819 quinque

9 747 31 899 d
95 857 240 904 sensuum
261 834 363 901 fontes
384 835 507 914 hebere,
529 857 567 902 ex
589 835 727 921 corporis
747 836 830 903 bons
850 840 1059 921 temperatum
1079 835 1200 903 enimse
1219 857 1296 904 non·

10 893 26 1050 pl
95 938 174 1006 nihil
193 937 389 1024 profectuum
411 937 561 1018 secedere,
582 937 663 1004 deut
683 960 701 1005 e
721 938 886 1017 contrnric,
913 959 1042 1025 corpore
1068 937 1219 1006 febriente
1247 940 1297 1007 vel

10 1011 25 1157 V
95 1043 158 1109 elie
185 1041 361 1110 valetudine
390 1041 599 1122 decumbente,
627 1042 731 1108 anime
758 1061 884 1128 quoque
911 1041 959 1107 sui
987 1041 1103 1130 vigoris
1139 1063 1205 1108 csse
1232 1064 1296 1110 non

9 1131 19 1228 l'
93 1145 213 1215 sirritru.
255 1145 300 1213 m
319 1166 391 1211 cum
411 1145 461 1225 sit,
487 1150 523 1212 ut
542 1145 660 1212 dictum
686 1151 742 1226 est,
766 1148 855 1211 mu
875 1144 955 1212 inter
975 1165 1087 1230 corpus
1108 1143 1295 1214 ct-snimsm
1329 1145 1400 1228 (39)

12 1225 13 1252 ¹
93 1247 243 1316 neutralis
270 1249 493 1334 complexionis
521 1248 605 1328 unio,
632 1253 668 1315 ut
690 1247 856 1334 qualitates
880 1269 959 1319 suas.
986 1246 1063 1314 vitia
1090 1269 1214 1335 quoque
1241 1270 1295 1316 seu

15 1391 19 1399 ·
92 1351 221 1418 virtutes
241 1351 275 1417 in
296 1351 480 1418 alterutrum
502 1351 739 1430 communicent
764 1342 954 1418 nontamen
973 1372 1088 1437 corpus
1109 1351 1220 1432 enimn
1244 1351 1294 1419 vel

15 1531 18 1539 p
93 1455 196 1522 enimn
216 1476 330 1541 corpus
360 1456 441 1521 recte
473 1453 533 1520 dici
561 1456 671 1534 vulcat,
699 1455 780 1520 sicum
807 1453 841 1520 in
867 1453 924 1521 ille
955 1454 1184 1539 supernaturali
1213 1455 1295 1522 inter

92 1558 231 1625 Verbum
259 1562 292 1624 et
318 1579 443 1624 carnem
471 1558 586 1624 unione
606 1558 693 1626 Deus
718 1557 813 1624 homo
842 1561 874 1624 et
901 1555 997 1624 homo
1017 1556 1110 1638 Deus,
1137 1560 1169 1624 ct
1192 1561 1293 1624 totum

92 1659 186 1726 homo
220 1681 256 1726 nc
276 1663 378 1726 totum
399 1660 484 1727 Deus
506 1683 572 1728 esse
593 1660 744 1728 catholico
764 1659 897 1726 sentitur
917 1663 949 1726 ct
975 1657 1100 1737 dicibrr3
1131 1659 1212 1726 unde
1238 1681 1293 1747 ap·

90 1769 187 1850 paret,
203 1763 378 1830 naturalem
396 1785 520 1850 quoquc
541 1763 630 1831 illem
650 1763 732 1831 inter
751 1785 862 1848 corpus
880 1765 912 1829 et
932 1762 1067 1830 enimam
1088 1761 1234 1830 unionem
1254 1764 1293 1829 ed

91 1865 322 1952 exprimendam
351 1867 439 1934 illem
466 1869 731 1954 supernstmulem
759 1867 840 1934 inter
860 1865 1000 1933 Verbum
1024 1869 1057 1933 et
1084 1888 1209 1933 cernem
1229 1888 1291 1933 non

84 1969 254 2041 sufficere:
275 1975 393 2054 quanto
413 1969 516 2037 minus
538 1971 695 2056 quaelibet
715 1969 885 2036 artificialis
906 1969 981 2036 unio
1002 1970 1040 2036 ed
1062 1969 1291 2055 exprimendam

90 2072 177 2138 illem
198 2071 387 2158 singularem
407 2072 554 2140 unionem
574 2072 731 2140 sufficiens
751 2072 922 2139 similitudo
943 2072 1092 2139 medenda
1112 2076 1166 2140 est
1200 2071 1291 2141 Unde

90 2179 172 2240 recte
193 2176 282 2258 pater
295 2173 489 2261 Augustinus
511 2174 570 2241 sit:
591 2173 739 2254 Quemvis
758 2175 815 2241 illa
834 2175 988 2260 ursceptio
1007 2173 1206 2241 ineffabiliter
1225 2197 1290 2240 sus·

89 2281 214 2362 ceptum
234 2275 413 2362 suscipienti
428 2278 606 2363 copularet!
626 2300 666 2344 ne
685 2277 790 2363 putori
807 2281 921 2363 posset
941 2276 1146 2344 sufficientem
1166 2275 1226 2343 sibi
1245 2275 1289 2343 ui·

90 2379 155 2446 deri
181 2377 415 2444 similitudinem
443 2379 604 2446 adduxisse
632 2380 670 2446 de
690 2380 874 2447 vestimento
900 2383 932 2446 ot
951 2379 1063 2446 vestito
1084 2380 1123 2445 ed
1144 2379 1289 2446 unionem

89 2483 185 2562 illem,
206 2483 244 2548 de
265 2503 328 2566 qua
351 2481 437 2566 loqui
462 2482 621 2570 gestimus,
646 2482 884 2570 exprimendum,
907 2483 960 2550 scd
981 2483 1020 2550 ed
1044 2481 1289 2570 permanentiam

89 2588 210 2651 tantum
224 2584 258 2649 in
271 2605 393 2650 summe
406 2583 520 2651 unione
533 2590 713 2652 nsturerum
726 2585 968 2673 significandum.
976 2621 1020 2636 ·-
1032 2583 1077 2652 ut
1088 2584 1288 2651 similitudine

88 2685 185 2752 alluta
204 2686 361 2752 concludit
381 2687 500 2753 diceus:
528 2687 603 2755 Non
635 2705 709 2775 ergo
737 2688 872 2776 intelligi
898 2693 1030 2773 oportet
1049 2691 1204 2754 mutatum
1225 2709 1288 2754 csse

15 2785 18 2828 ⁴
88 2787 227 2876 Verbum
237 2789 437 2874 sruceptibile
450 2789 594 2870 hominis,
604 2790 684 2857 sicut
697 2812 753 2857 nec
763 2792 993 2858 membraveste
1007 2791 1115 2856 induta
1121 2794 1288 2857 mutentur.

15 2929 18 2956 ι
188 2890 356 2957 Videamus
378 2891 480 2972 etism,
506 2893 582 2977 quid
601 2893 631 2961 S.
653 2892 794 2960 Hilarius
815 2894 853 2960 de
873 2892 934 2960 hoc
953 2891 1077 2960 unionis
1096 2897 1287 2959 sacramento
1388 2921 1391 2928 ·

43 3073 48 3086 Ι
87 2992 181 3058 simul
209 2995 241 3056 et
267 2995 480 3075 pemmnentia
507 3000 685 3061 naturarum
710 2997 832 3062 sentiet
874 2995 911 3062 ln
937 2996 1017 3062 libro
1038 3017 1172 3080 namque
1192 2995 1230 3062 Χ,
1250 2996 1287 3061 de

11 3135 14 3142 ,
86 3092 239 3160 Trinitete
259 3096 297 3179 (c.
317 3098 349 3180 7)
369 3095 413 3162 sic
433 3095 493 3162 eit:
514 3096 589 3176 Nos,
610 3097 720 3182 inquit,
741 3097 807 3164 neti
828 3097 1034 3164 inhominem
1055 3118 1093 3162 ex
1114 3101 1205 3181 portu
1217 3095 1287 3162 Vir·

86 3197 169 3284 ginis
189 3199 249 3264 Dei
270 3204 496 3266 secrmnentum
518 3199 677 3266 docuimus
702 3201 953 3278 demonstrantes,
980 3200 1147 3266 secundmn
1168 3199 1287 3284 dispen-

86 3300 237 3367 sationem
266 3301 366 3368 cnruis
394 3307 570 3388 assumptus
598 3307 674 3382 tum,
706 3324 775 3368 cum
803 3325 836 3369 se
865 3324 902 3368 ex
931 3302 1032 3368 forum
1050 3301 1109 3368 Dei
1138 3323 1288 3368 evacuans

86 3402 218 3469 fomlam
239 3403 320 3471 servi
341 3402 468 3489 accepit,
495 3403 706 3470 infirmitatem
734 3403 859 3470 hnbitus
884 3403 1012 3470 hmncni
1037 3403 1096 3470 Dei
1120 3425 1184 3470 non
1204 3403 1287 3469 infir·

86 3528 185 3573 masse
205 3511 358 3587 nsturnm,
383 3508 437 3573 sed
461 3508 549 3573 selue
568 3507 738 3574 divinitatis
764 3507 797 3572 in
822 3505 947 3573 homine
967 3505 1081 3573 virtute
1102 3504 1286 3592 adquisitum

1 3621 2 3642 ¹
86 3631 151 3674 esse
172 3610 230 3676 Dei
252 3610 290 3676 nd
316 3610 473 3676 hominem
498 3613 692 3693 potestatem
734 3608 879 3694 Namque
903 3629 974 3674 cum
998 3609 1031 3675 in
1057 3608 1182 3674 bomine
1202 3607 1287 3674 Deus

1 3751 2 3780 ι
85 3716 176 3778 natm
197 3718 253 3793 est,
282 3735 345 3778 non
374 3711 487 3778 idcirco
510 3712 594 3777 Deus
615 3716 707 3778 natus
735 3716 790 3791 est,
820 3714 857 3778 ut
876 3712 961 3778 Deus
990 3715 1138 3790 muneret
1168 3711 1221 3776 sed
1252 3714 1288 3776 ut

1 3802 2 3831 ¹
85 3820 230 3906 manente
250 3815 317 3882 Dec
339 3815 434 3882 homo
455 3819 547 3881 natus
568 3813 601 3881 in
621 3816 723 3881 Deum
751 3815 799 3882 sit
841 3814 924 3882 Nem
950 3818 982 3882 et
1001 3813 1154 3881 Emenuel
1174 3835 1287 3881 nomen

85 3917 228 4002 est-ejus,
249 3919 333 4001 quod
355 3922 416 3986 est:
436 3916 609 3984 Nobiscum
630 3918 734 3984 Deus:
754 3922 791 3984 ut
811 3939 874 3984 non
895 3915 1026 3984 defectio
1047 3916 1107 3984 Dei
1127 3917 1167 3984 ad
1187 3915 1286 3983 homi·
1392 3973 1394 3980 Α

54 4058 57 4078 ,
85 4041 155 4084 nem
187 4019 236 4098 sit,
265 4019 318 4085 sed
349 4019 486 4085 hominis
516 4025 680 4104 provectus
710 4021 749 4086 cd
773 4020 882 4086 Demn.
923 4019 970 4089 Ut
998 4018 1222 4102 conglorificari
1253 4042 1286 4085 se

84 4126 184 4210 roget
215 4143 278 4187 non
309 4121 417 4209 utique
448 4126 577 4188 naturae
597 4121 667 4201 Dei,
697 4122 751 4188 sed
782 4119 986 4207 nssumptioni
1013 4120 1199 4188 humilitatis
1226 4120 1286 4186 hoc

84 4223 215 4309 prpficit
257 4222 340 4290 Num
370 4225 451 4290 lmnc
478 4223 612 4310 gloriam
640 4224 785 4307 postulet
810 4245 904 4308 quam
933 4227 1006 4289 ente
1033 4221 1285 4289 constitutionem

83 4326 191 4396 mundi
212 4326 294 4412 apud
315 4326 416 4392 Deum
436 4320 561 4392 hebuit'

183 4427 264 4495 Ilcce
292 4433 417 4495 sanctus
445 4426 496 4494 hic
524 4433 557 4495 ct
582 4419 767 4494 venerabilis
795 4431 884 4514 puter
904 4432 936 4494 et
963 4427 1105 4493 habitum
1133 4428 1286 4492 humunsc
1330 4486 1339 4500 ,

44 4541 47 4547 ’
81 4531 272 4598 infirmitatis
286 4531 319 4598 in
333 4531 401 4598 Deo
424 4531 563 4611 adsuuit,
584 4536 616 4597 et
636 4535 740 4597 temen
755 4531 857 4596 Demn
878 4534 986 4596 netum
1007 4529 1040 4596 in
1060 4527 1187 4596 homine
1202 4527 1285 4606 dicit,
