3010 5300
209 443 248 504 Μ
472 433 655 492 eunome
685 431 1138 491 umentesruuuuusls

209 605 316 684 effeeh‘,
343 605 383 680 ud
409 605 481 671 illes
500 609 639 671 eeteruus
660 607 693 670 et
719 603 855 669 internus
879 600 1049 668 ‹livinitetis
1073 602 1198 670 delieius
1225 603 1404 670 admittendi

208 707 276 786 rint,
296 705 434 793 quinque
453 705 609 794 virginum
633 705 807 790 sepientum
831 703 871 769 ud
895 705 1019 789 nuptias
1044 704 1290 772 intromissurum
1312 729 1404 774 even·

207 809 304 894 gellen
323 808 381 874 ills
404 811 536 874 mutor
560 806 716 894 perebolu
743 803 885 892 quumvis
911 806 1035 872 eosdem
1054 802 1193 892 quinque
1213 829 1320 874 sensus
1340 828 1404 874 uon

207 905 1404 996 solumineorporesedetinsnimmmuperrsroetinspiritu

206 1010 421 1078 Mlilimndos
440 1010 533 1078 lioest
557 1009 741 1098 intelligere,
768 1009 918 1094 quidum
944 1009 977 1074 iu
998 1009 1097 1076 tribus
1123 1011 1181 1092 his,
1208 1011 1351 1079 videlieet
1371 1013 1405 1078 in

205 1135 339 1198 serpere,
357 1111 462 1178 enims
482 1115 515 1178 et
533 1111 645 1196 spiritu
665 1110 782 1198 singuli
795 1110 1001 1197 geminentur,
1019 1115 1129 1197 utpote
1143 1112 1204 1178 duo
1225 1114 1404 1192 suntoculi,

204 1215 343 1301 gemines
362 1236 490 1302 quoque
509 1238 598 1282 eures
618 1219 651 1282 et
669 1237 768 1294 neres,
793 1215 847 1282 sed
868 1217 901 1280 et
919 1217 1029 1302 gustus
1048 1215 1082 1281 iu
1103 1216 1230 1294 duobus,
1251 1215 1350 1283 idest
1370 1217 1403 1282 in

204 1319 306 1402 punto
327 1323 361 1384 et
379 1319 490 1406 lingue
509 1319 603 1406 riget,
630 1321 732 1384 teuteus
752 1339 877 1403 quoque
905 1317 938 1383 in
963 1317 1082 1392 duobus
1109 1319 1252 1384 menibus
1272 1320 1322 1385 sel
1349 1331 1403 1404 pe·-

204 1419 291 1485 dibus
310 1420 362 1487 vel
382 1421 476 1487 etium
497 1420 617 1488 dnobus
642 1419 781 1506 eorporis
806 1418 954 1486 luteribus
979 1441 1034 1486 seu
1054 1419 1195 1506 pertibus
1216 1426 1271 1500 est
1296 1422 1404 1489 dexhu

170 1522 173 1528 ’
203 1525 344 1593 videlieet
363 1548 399 1592 uo
425 1525 563 1604 sinistrs;
592 1528 674 1593 unde
702 1531 734 1593 et
761 1525 840 1592 illud
867 1530 915 1592 est
935 1526 968 1593 iu
996 1527 1169 1614 stengelio:
1191 1527 1281 1616 Juqa
1309 1527 1404 1596 herem

204 1633 264 1701 emi
285 1634 439 1720 quinque,
461 1633 536 1719 quis
549 1634 655 1700 desem
675 1633 769 1700 boves
789 1655 860 1700 oum
880 1633 951 1713 sint,
970 1655 1028 1721 pro
1042 1635 1146 1700 deeem
1166 1635 1306 1702 sensibus
1324 1636 1402 1702 soei·

203 1735 337 1821 pientur.
377 1735 455 1804 &run
483 1735 587 1824 igitur,
614 1741 652 1816 ut
678 1735 796 1802 dietum
824 1741 880 1816 est„
908 1735 1046 1823 quinque
1074 1759 1180 1804 sensus
1204 1759 1260 1822 per
1285 1758 1402 1824 ooqrus,

203 1839 337 1905 animum
357 1843 389 1905 et
407 1839 552 1924 spiritum
570 1839 776 1927 geminentur,
796 1839 926 1927 higinio
942 1861 1050 1906 omues
1070 1839 1161 1906 unius
1179 1840 1313 1906 hominis
1333 1862 1427 1918 een·¹

202 1963 253 2008 ms
280 1946 378 2011 munt
419 1942 539 2021 Quibus
569 1941 658 2028 quusi
685 1941 816 2031 triginta
846 1941 1000 2030 mgenteis
1030 1942 1064 2009 iu
1095 1941 1166 2010 fidei
1197 1941 1402 2011 ministerium

202 2045 356 2130 deputetis
375 2045 463 2131 pium
483 2050 517 2112 et
535 2046 672 2112 seluture
693 2051 740 2112 est
759 2067 861 2112 emere
881 2045 1051 2112 Dominum
1069 2045 1186 2124 Jesum,
1206 2045 1287 2112 siem
1306 2045 1402 2131 impie

202 2147 240 2212 ub
260 2146 377 2232 iniquis
396 2147 527 2236 triginte
551 2147 705 2236 argenteis
732 2147 879 2216 distrotru
903 2151 936 2215 et
960 2151 1155 2233 comperetus
1181 2151 1235 2214 est
1277 2146 1403 2214 Etenim

201 2247 281 2316 meet
299 2249 412 2316 Jndeei
440 2248 571 2340 triginta
597 2248 770 2339 urgentis†)
797 2249 876 2318 detis
897 2248 1056 2318 Christum
1080 2247 1292 2335 perimendum
1305 2271 1402 2322 ,eoee-

201 2357 323 2436 perum,
349 2356 381 2418 et
400 2353 481 2420 mont
500 2359 599 2444 semet
626 2353 710 2439 ipsos
735 2374 904 2439 omnesque
924 2375 1031 2420 sensus
1055 2355 1121 2419 tem
1149 2351 1287 2438 eorporis
1308 2373 1402 2436 quem

200 2453 325 2520 suhnse
344 2475 381 2520 se
400 2455 527 2540 spiritus
547 2455 694 2541 ipsorum,
715 2455 771 2542 qni
790 2455 921 2542 triginta
939 2475 1068 2522 numero
1089 2459 1170 2534 sunt
1190 2457 1227 2520 ut
1246 2451 1402 2520 Christum

200 2560 396 2646 perimerem,
414 2561 623 2648 preelegerent
643 2560 790 2628 dieentes:
812 2561 958 2648 Seminis
980 2561 1049 2646 ejus
1067 2579 1163 2646 suaper
1177 2581 1240 2628 reos
1258 2564 1287 2627 el
1305 2580 1403 2644 super

198 2665 285 2748 filios
305 2673 435 2736 ssestros
453 2703 496 2717 -
509 2668 591 2736 undo
612 2672 645 2734 et
664 2667 794 2756 triginte
812 2666 1044 2734 maledictiones
1065 2667 1098 2733 in
1118 2667 1244 2735 Psalmo
1265 2665 1403 2753 digestos

199 2789 294 2854 super
315 2789 368 2834 eos
387 2775 539 2836 renerent
550 2791 606 2835 -ε
627 2770 680 2850 ils.
700 2792 788 2836 verse
801 2769 876 2848 vioe
896 2790 953 2835 nos
966 2769 1017 2855 pie
1038 2790 1076 2835 uo
1088 2767 1232 2854 religiose
1246 2767 1402 2833 Christum

199 2869 332 2957 triginta
351 2871 505 2957 argenteis
525 2873 665 2952 emimus,
686 2893 793 2938 omnes
814 2893 920 2937 sensum
941 2871 1079 2958 eorporis
1098 2870 1198 2936 nostri
1219 2871 1403 2955 enimoeque

117 2982 169 3062 (tl)
198 2995 235 3038 so
254 2972 392 3058 spiritus,
419 2973 474 3059 qui
495 2977 557 3040 tres
584 2973 655 3041 deni
682 2977 763 3055 ment,
790 2973 823 3040 in
852 2973 1034 3059 obsequium
1060 2973 1130 3040 fidei
1157 2972 1339 3060 redigentes,
1367 2977 1403 3038 ut
1446 3045 1448 3052 ,

200 3075 362 3143 ῦὶιήεωω
389 3076 467 3142 lucri
499 3076 656 3143 feoismus.
697 3075 749 3144 sic
777 3069 913 3142 enimet
940 3077 988 3143 illi
1015 3077 1145 3164 triginta
1171 3075 1310 3163 argentei
1338 3075 1403 3141 sive

199 3177 330 3256 denarii,
349 3177 463 3263 quihus
482 3179 635 3244 Dominus
655 3178 749 3263 impie
772 3179 912 3244 venditus
932 3183 1027 3262 etque
1056 3183 1178 3263 emptus
1199 3183 1253 3256 est
1277 3177 1402 3242 tondmn

197 3278 232 3346 in
251 3301 335 3365 epus
360 3278 485 3364 pietatis
505 3279 636 3366 impensi
657 3285 730 3347 munt
766 3285 871 3366 empto
900 3303 939 3346 ex
960 3281 1004 3347 eis
1025 3302 1100 3368 egro
1122 3281 1211 3367 figuli
1238 3280 1272 3346 iu
1300 3281 1420 3366 sepul„
1445 3275 1447 3280 ’

198 3386 307 3448 turum
332 3381 572 3469 peregrinorum
620 3381 688 3449 Nos
715 3383 797 3449 enim
824 3387 941 3470 gentes¹
970 3383 1025 3468 qui
1053 3383 1206 3470 peregrini
1235 3402 1356 3448 eremus
1384 3405 1403 3446 s

198 3485 262 3550 lide
284 3487 319 3548 et
338 3483 475 3570 hospites
492 3489 757 3566 testementomuq
778 3486 858 3552 turrti
876 3484 1074 3553 aestimemus
1095 3506 1203 3572 ugrum
1217 3483 1402 3570 Domini††)

198 3585 342 3673 eorporis
362 3591 395 3652 et
414 3587 639 3655 humanitatem
660 3589 787 3654 Domini
808 3588 893 3667 lesu,
913 3586 1003 3676 figuli
1023 3587 1130 3666 noemi,
1157 3587 1191 3652 in
1212 3607 1275 3670 quo
1296 3607 1403 3652 omnes

197 3693 277 3755 sunt
305 3688 440 3754 thesauri
467 3689 637 3776 sapientise
663 3695 696 3756 et
722 3690 868 3757 seientioe
896 3689 1076 3768 ementiri,
1104 3694 1142 3754 nt
1167 3689 1271 3754 omnis
1291 3691 1405 3765 nostre,

197 3811 313 3858 omnes
332 3789 476 3858 videficet
502 3791 638 3878 spiritus,
666 3793 787 3859 enimse
813 3798 846 3859 et
868 3791 1006 3876 eorporis
1031 3791 1130 3858 nostri
1154 3813 1269 3869 seusus,
1296 3792 1406 3856 eontra

56 3935 57 3984 q
198 3895 301 3960 denos
321 3891 412 3977 qussi
432 3892 562 3980 triginta
588 3899 750 3982 argenteos
775 3893 908 3962 libenter
927 3893 1149 3978 impendemus,
1176 3895 1405 3977 quatenusper

56 3987 57 4048 ἒ
199 3995 307 4081 ipsum
327 3994 449 4080 inipso
476 3995 617 4080 requiem
644 3998 769 4062 undem
794 3995 989 4063 obtineamus
1017 4005 1182 4062 oeternum.
1223 3993 1268 4060 ut
1291 3992 1405 4078 mirum

56 4139 57 4144 κ
198 4098 331 4184 quidem
350 4117 415 4163 non
435 4101 490 4176 est,
509 4121 616 4164 sensus
635 4102 759 4164 nostros
778 4103 827 4164 ter
847 4099 942 4165 denos
962 4097 1093 4185 triginta
1114 4096 1277 4185 urgenteis,
1291 4095 1405 4181 quibus

56 4225 57 4310 q
199 4201 253 4286 pie
266 4199 422 4265 Dominm
433 4199 526 4266 Jesus
547 4198 668 4278 emitur,
689 4199 861 4278 assimilari,
881 4221 953 4266 eum
974 4199 1119 4266 trecentis
1132 4219 1258 4284 quoque
1272 4196 1405 4264 denariis

198 4303 234 4368 in
256 4298 422 4386 usngelio
435 4299 609 4386 punbelioe
629 4300 790 4366 mimiluti
811 4299 882 4379 sint,
895 4300 978 4366 ludu
998 4301 1198 4390 truditoreex
1211 4300 1405 4385 apostolatus

199 4401 319 4470 merito
340 4401 519 4486 mysterium
541 4401 611 4469 fidei
631 4397 787 4488 loquente
830 4403 931 4488 Super
951 4407 1110 4490 unguento
1136 4401 1219 4470 enim
1239 4401 1273 4466 in
1293 4421 1405 4484 eorpus

307 4601 338 4672 q
353 4601 490 4674 mun
506 4603 552 4676 (u.
568 4631 602 4644 -
618 4603 662 4671 m
679 4601 814 4660 nomine
830 4603 876 4676 (s).
892 4601 941 4662 ee.
957 4601 1037 4662 nrm
