<?xml version="1.0" encoding="UTF-8"?>
<!DOCTYPE html PUBLIC "-//W3C//DTD XHTML 1.0 Transitional//EN"
    "http://www.w3.org/TR/xhtml1/DTD/xhtml1-transitional.dtd">
<html xmlns="http://www.w3.org/1999/xhtml" xml:lang="en" lang="en">
 <head>
  <title>
</title>
<meta http-equiv="Content-Type" content="text/html;charset=utf-8" />
  <meta name='ocr-system' content='tesseract 3.04.00' />
  <meta name='ocr-capabilities' content='ocr_page ocr_carea ocr_par ocr_line ocrx_word'/>
</head>
<body>
  <div class='ocr_page' id='page_1' title='image "arnonisreichers00arnogoog_0052.png"; bbox 0 0 3010 5300; ppageno 0'>
   <div class='ocr_carea' id='block_1_1' title="bbox 203 489 1170 558">
    <p class='ocr_par' dir='ltr' id='par_1_1' title="bbox 203 489 1170 558">
     <span class='ocr_line' id='line_1_1' title="bbox 203 489 1170 558; baseline 0 -10"><span class='ocrx_word' id='word_1_1' title='bbox 203 498 248 558; x_wconf 72' lang='lat'><strong>³⁴</strong></span> <span class='ocrx_word' id='word_1_2' title='bbox 501 491 689 551; x_wconf 73' lang='lat' dir='ltr'>ABNONIS</span> <span class='ocrx_word' id='word_1_3' title='bbox 714 489 1170 550; x_wconf 70' lang='lat' dir='ltr'><strong>sulouousenuocuols</strong></span> 
     </span>
    </p>
   </div>
   <div class='ocr_carea' id='block_1_2' title="bbox 20 653 1482 4742">
    <p class='ocr_par' dir='ltr' id='par_1_2' title="bbox 20 653 1482 3208">
     <span class='ocr_line' id='line_1_2' title="bbox 201 653 1482 740; baseline 0.002 -22"><span class='ocrx_word' id='word_1_4' title='bbox 201 653 430 720; x_wconf 60' lang='lat' dir='ltr'><strong>ammte·</strong></span> <span class='ocrx_word' id='word_1_5' title='bbox 450 677 470 720; x_wconf 84' lang='lat' dir='ltr'><strong>a</strong></span> <span class='ocrx_word' id='word_1_6' title='bbox 489 677 546 720; x_wconf 79' lang='lat' dir='ltr'><strong>uia</strong></span> <span class='ocrx_word' id='word_1_7' title='bbox 565 654 681 720; x_wconf 79' lang='lat' dir='ltr'><strong>virtute</strong></span> <span class='ocrx_word' id='word_1_8' title='bbox 702 653 857 733; x_wconf 71' lang='lat' dir='ltr'><strong>defecisse,</strong></span> <span class='ocrx_word' id='word_1_9' title='bbox 885 653 938 719; x_wconf 69' lang='lat' dir='ltr'><strong>md</strong></span> <span class='ocrx_word' id='word_1_10' title='bbox 959 653 1085 740; x_wconf 87' lang='lat' dir='ltr'><strong>propria</strong></span> <span class='ocrx_word' id='word_1_11' title='bbox 1105 654 1266 720; x_wconf 81' lang='lat' dir='ltr'><strong>voluntate</strong></span> <span class='ocrx_word' id='word_1_12' title='bbox 1287 653 1436 737; x_wconf 80' lang='lat' dir='ltr'><strong>nulleque</strong></span> <span class='ocrx_word' id='word_1_13' title='bbox 1469 690 1482 730; x_wconf 62' lang='grc' dir='ltr'><strong>ι,</strong></span> 
     </span>
     <span class='ocr_line' id='line_1_3' title="bbox 201 747 1436 842; baseline -0.001 -21"><span class='ocrx_word' id='word_1_14' title='bbox 201 755 415 822; x_wconf 67' lang='lat' dir='ltr'><strong>messinam</strong></span> <span class='ocrx_word' id='word_1_15' title='bbox 433 761 555 822; x_wconf 74' lang='lat' dir='ltr'><strong>nostm</strong></span> <span class='ocrx_word' id='word_1_16' title='bbox 575 755 609 821; x_wconf 90' lang='lat' dir='ltr'><strong>in</strong></span> <span class='ocrx_word' id='word_1_17' title='bbox 629 777 663 821; x_wconf 88' lang='lat' dir='ltr'><strong>se</strong></span> <span class='ocrx_word' id='word_1_18' title='bbox 683 747 822 822; x_wconf 71' lang='lat' dir='ltr'><strong>numeriae</strong></span> <span class='ocrx_word' id='word_1_19' title='bbox 842 761 875 822; x_wconf 88' lang='lat' dir='ltr'><strong>et</strong></span> <span class='ocrx_word' id='word_1_20' title='bbox 895 757 1025 834; x_wconf 86' lang='lat' dir='ltr'><strong>dolores,</strong></span> <span class='ocrx_word' id='word_1_21' title='bbox 1046 761 1198 841; x_wconf 74' lang='lat' dir='ltr'><strong>qinonturu</strong></span> <span class='ocrx_word' id='word_1_22' title='bbox 1212 755 1359 842; x_wconf 76' lang='lat' dir='ltr'><strong>dignatum</strong></span> <span class='ocrx_word' id='word_1_23' title='bbox 1380 759 1436 830; x_wconf 83' lang='lat' dir='ltr'><strong>est,</strong></span> 
     </span>
     <span class='ocr_line' id='line_1_4' title="bbox 201 856 1435 944; baseline -0.002 -20"><span class='ocrx_word' id='word_1_24' title='bbox 201 861 238 924; x_wconf 85' lang='lat' dir='ltr'><strong>et</strong></span> <span class='ocrx_word' id='word_1_25' title='bbox 268 861 446 944; x_wconf 64' lang='lat' dir='ltr'><strong>qnatenus</strong></span> <span class='ocrx_word' id='word_1_26' title='bbox 472 861 597 924; x_wconf 76' lang='lat' dir='ltr'><strong>nosnse</strong></span> <span class='ocrx_word' id='word_1_27' title='bbox 625 857 735 924; x_wconf 76' lang='lat' dir='ltr'><strong>caluitio</strong></span> <span class='ocrx_word' id='word_1_28' title='bbox 762 856 844 924; x_wconf 85' lang='lat' dir='ltr'><strong>ratic</strong></span> <span class='ocrx_word' id='word_1_29' title='bbox 872 857 1062 943; x_wconf 72' lang='lat' dir='ltr'><strong>postulabat,</strong></span> <span class='ocrx_word' id='word_1_30' title='bbox 1094 862 1126 924; x_wconf 89' lang='lat' dir='ltr'><strong>ot</strong></span> <span class='ocrx_word' id='word_1_31' title='bbox 1153 857 1321 929; x_wconf 86' lang='lat' dir='ltr'><strong>secundum</strong></span> <span class='ocrx_word' id='word_1_32' title='bbox 1352 856 1435 942; x_wconf 85' lang='lat' dir='ltr'><strong>qnod</strong></span> 
     </span>
     <span class='ocr_line' id='line_1_5' title="bbox 201 957 1436 1044; baseline -0.003 -18"><span class='ocrx_word' id='word_1_33' title='bbox 201 959 313 1026; x_wconf 88' lang='lat' dir='ltr'><strong>bomo</strong></span> <span class='ocrx_word' id='word_1_34' title='bbox 337 965 404 1039; x_wconf 82' lang='lat' dir='ltr'><strong>cst,</strong></span> <span class='ocrx_word' id='word_1_35' title='bbox 424 961 589 1028; x_wconf 72' lang='lat' dir='ltr'><strong>admisisse</strong></span> <span class='ocrx_word' id='word_1_36' title='bbox 620 959 710 1026; x_wconf 86' lang='lat' dir='ltr'><strong>Sicut</strong></span> <span class='ocrx_word' id='word_1_37' title='bbox 730 959 813 1026; x_wconf 74' lang='lat' dir='ltr'><strong>euin</strong></span> <span class='ocrx_word' id='word_1_38' title='bbox 835 964 958 1026; x_wconf 76' lang='lat' dir='ltr'><strong>uostm</strong></span> <span class='ocrx_word' id='word_1_39' title='bbox 979 959 1151 1026; x_wconf 80' lang='lat' dir='ltr'><strong>nativitatis</strong></span> <span class='ocrx_word' id='word_1_40' title='bbox 1172 965 1205 1026; x_wconf 90' lang='lat' dir='ltr'><strong>et</strong></span> <span class='ocrx_word' id='word_1_41' title='bbox 1225 957 1436 1044; x_wconf 74' lang='lat' dir='ltr'><strong>conceptionis</strong></span> 
     </span>
     <span class='ocr_line' id='line_1_6' title="bbox 20 1053 1435 1149; baseline -0.004 -20"><span class='ocrx_word' id='word_1_42' title='bbox 20 1053 46 1096; x_wconf 59' lang='lat'><strong>‘⁶</strong></span> <span class='ocrx_word' id='word_1_43' title='bbox 162 1063 497 1149; x_wconf 42' lang='lat' dir='ltr'><strong>,originemm</strong></span> <span class='ocrx_word' id='word_1_44' title='bbox 524 1062 556 1128; x_wconf 91' lang='lat' dir='ltr'><strong>in</strong></span> <span class='ocrx_word' id='word_1_45' title='bbox 586 1083 677 1128; x_wconf 83' lang='lat' dir='ltr'><strong>carue</strong></span> <span class='ocrx_word' id='word_1_46' title='bbox 704 1083 767 1128; x_wconf 91' lang='lat' dir='ltr'><strong>uon</strong></span> <span class='ocrx_word' id='word_1_47' title='bbox 793 1062 903 1142; x_wconf 78' lang='lat' dir='ltr'><strong>tenuit,</strong></span> <span class='ocrx_word' id='word_1_48' title='bbox 929 1064 982 1130; x_wconf 89' lang='lat' dir='ltr'><strong>sed</strong></span> <span class='ocrx_word' id='word_1_49' title='bbox 1011 1063 1049 1129; x_wconf 90' lang='lat' dir='ltr'><strong>de</strong></span> <span class='ocrx_word' id='word_1_50' title='bbox 1076 1063 1187 1148; x_wconf 86' lang='lat' dir='ltr'><strong>spiritu</strong></span> <span class='ocrx_word' id='word_1_51' title='bbox 1215 1065 1323 1128; x_wconf 85' lang='lat' dir='ltr'><strong>sancto</strong></span> <span class='ocrx_word' id='word_1_52' title='bbox 1344 1061 1435 1126; x_wconf 89' lang='lat' dir='ltr'><strong>etde</strong></span> 
     </span>
     <span class='ocr_line' id='line_1_7' title="bbox 200 1163 1435 1254; baseline -0.004 -24"><span class='ocrx_word' id='word_1_53' title='bbox 200 1163 431 1232; x_wconf 79' lang='lat' dir='ltr'><strong>irnmsculsts</strong></span> <span class='ocrx_word' id='word_1_54' title='bbox 445 1163 576 1254; x_wconf 76' lang='lat' dir='ltr'><strong>Virgine</strong></span> <span class='ocrx_word' id='word_1_55' title='bbox 597 1169 765 1252; x_wconf 85' lang='lat' dir='ltr'><strong>conceptus</strong></span> <span class='ocrx_word' id='word_1_56' title='bbox 786 1170 818 1230; x_wconf 86' lang='lat' dir='ltr'><strong>ct</strong></span> <span class='ocrx_word' id='word_1_57' title='bbox 837 1169 929 1231; x_wconf 77' lang='lat' dir='ltr'><strong>naurs</strong></span> <span class='ocrx_word' id='word_1_58' title='bbox 950 1165 1067 1250; x_wconf 86' lang='lat' dir='ltr'><strong>absque</strong></span> <span class='ocrx_word' id='word_1_59' title='bbox 1089 1169 1216 1252; x_wconf 83' lang='lat' dir='ltr'><strong>peccato</strong></span> <span class='ocrx_word' id='word_1_60' title='bbox 1236 1165 1435 1230; x_wconf 75' lang='lat' dir='ltr'><strong>conversatu</strong></span> 
     </span>
     <span class='ocr_line' id='line_1_8' title="bbox 200 1265 1435 1354; baseline -0.002 -22"><span class='ocrx_word' id='word_1_61' title='bbox 200 1267 299 1334; x_wconf 86' lang='lat' dir='ltr'><strong>inter</strong></span> <span class='ocrx_word' id='word_1_62' title='bbox 337 1269 484 1334; x_wconf 85' lang='lat' dir='ltr'><strong>homines</strong></span> <span class='ocrx_word' id='word_1_63' title='bbox 515 1273 587 1334; x_wconf 85' lang='lat' dir='ltr'><strong>cst:</strong></span> <span class='ocrx_word' id='word_1_64' title='bbox 608 1267 654 1334; x_wconf 86' lang='lat' dir='ltr'><strong>ita</strong></span> <span class='ocrx_word' id='word_1_65' title='bbox 684 1289 808 1353; x_wconf 88' lang='lat' dir='ltr'><strong>quoquo</strong></span> <span class='ocrx_word' id='word_1_66' title='bbox 840 1289 903 1334; x_wconf 92' lang='lat' dir='ltr'><strong>non</strong></span> <span class='ocrx_word' id='word_1_67' title='bbox 932 1269 1030 1335; x_wconf 87' lang='lat' dir='ltr'><strong>nostri</strong></span> <span class='ocrx_word' id='word_1_68' title='bbox 1061 1269 1200 1354; x_wconf 88' lang='lat' dir='ltr'><strong>corporis</strong></span> <span class='ocrx_word' id='word_1_69' title='bbox 1231 1267 1283 1334; x_wconf 86' lang='lat' dir='ltr'><strong>rel</strong></span> <span class='ocrx_word' id='word_1_70' title='bbox 1313 1265 1435 1332; x_wconf 83' lang='lat' dir='ltr'><strong>animae</strong></span> 
     </span>
     <span class='ocr_line' id='line_1_9' title="bbox 202 1369 1434 1460; baseline -0.004 -22"><span class='ocrx_word' id='word_1_71' title='bbox 202 1371 313 1438; x_wconf 88' lang='lat' dir='ltr'><strong>modo</strong></span> <span class='ocrx_word' id='word_1_72' title='bbox 340 1393 474 1460; x_wconf 79' lang='lat' dir='ltr'><strong>angores</strong></span> <span class='ocrx_word' id='word_1_73' title='bbox 494 1375 527 1437; x_wconf 87' lang='lat' dir='ltr'><strong>et</strong></span> <span class='ocrx_word' id='word_1_74' title='bbox 546 1371 667 1438; x_wconf 86' lang='lat' dir='ltr'><strong>dolores</strong></span> <span class='ocrx_word' id='word_1_75' title='bbox 688 1393 726 1437; x_wconf 84' lang='lat' dir='ltr'><strong>ex</strong></span> <span class='ocrx_word' id='word_1_76' title='bbox 747 1371 930 1438; x_wconf 82' lang='lat' dir='ltr'><strong>necessitate</strong></span> <span class='ocrx_word' id='word_1_77' title='bbox 951 1371 1087 1458; x_wconf 74' lang='lat' dir='ltr'><strong>pertudit,</strong></span> <span class='ocrx_word' id='word_1_78' title='bbox 1107 1371 1160 1436; x_wconf 87' lang='lat' dir='ltr'><strong>sed</strong></span> <span class='ocrx_word' id='word_1_79' title='bbox 1181 1371 1345 1458; x_wconf 78' lang='lat' dir='ltr'><strong>plngnmm</strong></span> <span class='ocrx_word' id='word_1_80' title='bbox 1363 1369 1434 1434; x_wconf 83' lang='lat' dir='ltr'><strong>rul-</strong></span> 
     </span>
     <span class='ocr_line' id='line_1_10' title="bbox 201 1473 1433 1560; baseline -0.001 -22"><span class='ocrx_word' id='word_1_81' title='bbox 201 1495 293 1539; x_wconf 70' lang='grc' dir='ltr'><strong>παι</strong></span> <span class='ocrx_word' id='word_1_82' title='bbox 318 1478 358 1540; x_wconf 85' lang='lat' dir='ltr'><strong>et</strong></span> <span class='ocrx_word' id='word_1_83' title='bbox 377 1474 498 1541; x_wconf 84' lang='lat' dir='ltr'><strong>dolores</strong></span> <span class='ocrx_word' id='word_1_84' title='bbox 517 1477 639 1540; x_wconf 59' lang='lat' dir='ltr'><strong>nocuos</strong></span> <span class='ocrx_word' id='word_1_85' title='bbox 665 1473 731 1559; x_wconf 86' lang='lat' dir='ltr'><strong>ipse</strong></span> <span class='ocrx_word' id='word_1_86' title='bbox 752 1473 785 1540; x_wconf 90' lang='lat' dir='ltr'><strong>in</strong></span> <span class='ocrx_word' id='word_1_87' title='bbox 805 1497 839 1540; x_wconf 88' lang='lat' dir='ltr'><strong>se</strong></span> <span class='ocrx_word' id='word_1_88' title='bbox 860 1495 916 1560; x_wconf 90' lang='lat' dir='ltr'><strong>pro</strong></span> <span class='ocrx_word' id='word_1_89' title='bbox 937 1474 1027 1541; x_wconf 91' lang='lat' dir='ltr'><strong>nobis</strong></span> <span class='ocrx_word' id='word_1_90' title='bbox 1052 1475 1156 1559; x_wconf 88' lang='lat' dir='ltr'><strong>potius</strong></span> <span class='ocrx_word' id='word_1_91' title='bbox 1177 1473 1310 1553; x_wconf 86' lang='lat' dir='ltr'><strong>admisit,</strong></span> <span class='ocrx_word' id='word_1_92' title='bbox 1338 1494 1433 1558; x_wconf 69' lang='lat' dir='ltr'><strong>(priam</strong></span> 
     </span>
     <span class='ocr_line' id='line_1_11' title="bbox 202 1573 1433 1661; baseline -0.001 -22"><span class='ocrx_word' id='word_1_93' title='bbox 202 1573 382 1642; x_wconf 78' lang='lat' dir='ltr'><strong>violernter</strong></span> <span class='ocrx_word' id='word_1_94' title='bbox 401 1575 507 1642; x_wconf 85' lang='lat' dir='ltr'><strong>illotos</strong></span> <span class='ocrx_word' id='word_1_95' title='bbox 527 1576 691 1661; x_wconf 74' lang='lat' dir='ltr'><strong>pertolimc</strong></span> <span class='ocrx_word' id='word_1_96' title='bbox 716 1577 872 1661; x_wconf 82' lang='lat' dir='ltr'><strong>putandus</strong></span> <span class='ocrx_word' id='word_1_97' title='bbox 893 1582 947 1643; x_wconf 85' lang='lat' dir='ltr'><strong>cst</strong></span> <span class='ocrx_word' id='word_1_98' title='bbox 990 1576 1081 1644; x_wconf 87' lang='lat' dir='ltr'><strong>Unde</strong></span> <span class='ocrx_word' id='word_1_99' title='bbox 1106 1576 1187 1642; x_wconf 89' lang='lat' dir='ltr'><strong>inter</strong></span> <span class='ocrx_word' id='word_1_100' title='bbox 1208 1577 1290 1661; x_wconf 81' lang='lat' dir='ltr'><strong>ipsos</strong></span> <span class='ocrx_word' id='word_1_101' title='bbox 1311 1577 1433 1642; x_wconf 88' lang='lat' dir='ltr'><strong>dolores</strong></span> 
     </span>
     <span class='ocr_line' id='line_1_12' title="bbox 204 1675 1432 1763; baseline 0 -22"><span class='ocrx_word' id='word_1_102' title='bbox 204 1675 302 1742; x_wconf 78' lang='lat' dir='ltr'><strong>liber</strong></span> <span class='ocrx_word' id='word_1_103' title='bbox 325 1677 368 1742; x_wconf 81' lang='lat' dir='ltr'><strong>sb</strong></span> <span class='ocrx_word' id='word_1_104' title='bbox 389 1676 465 1763; x_wconf 80' lang='lat' dir='ltr'><strong>ipsis</strong></span> <span class='ocrx_word' id='word_1_105' title='bbox 485 1676 645 1744; x_wconf 84' lang='lat' dir='ltr'><strong>doloribus</strong></span> <span class='ocrx_word' id='word_1_106' title='bbox 670 1677 752 1744; x_wconf 74' lang='lat' dir='ltr'><strong>finit:</strong></span> <span class='ocrx_word' id='word_1_107' title='bbox 773 1699 837 1744; x_wconf 89' lang='lat' dir='ltr'><strong>uon</strong></span> <span class='ocrx_word' id='word_1_108' title='bbox 863 1677 947 1762; x_wconf 84' lang='lat' dir='ltr'><strong>quod</strong></span> <span class='ocrx_word' id='word_1_109' title='bbox 973 1677 1006 1743; x_wconf 93' lang='lat' dir='ltr'><strong>in</strong></span> <span class='ocrx_word' id='word_1_110' title='bbox 1030 1677 1171 1762; x_wconf 85' lang='lat' dir='ltr'><strong>pnssionc</strong></span> <span class='ocrx_word' id='word_1_111' title='bbox 1196 1699 1259 1743; x_wconf 91' lang='lat' dir='ltr'><strong>nou</strong></span> <span class='ocrx_word' id='word_1_112' title='bbox 1284 1699 1356 1743; x_wconf 84' lang='lat' dir='ltr'><strong>rere</strong></span> <span class='ocrx_word' id='word_1_113' title='bbox 1377 1675 1432 1741; x_wconf 92' lang='lat' dir='ltr'><strong>do·</strong></span> 
     </span>
     <span class='ocr_line' id='line_1_13' title="bbox 105 1777 1432 1868; baseline 0.001 -22"><span class='ocrx_word' id='word_1_114' title='bbox 105 1777 171 1857; x_wconf 79' lang='grc'><strong>(34)</strong></span> <span class='ocrx_word' id='word_1_115' title='bbox 204 1781 322 1848; x_wconf 65' lang='lat' dir='ltr'><strong>lenuit</strong></span> <span class='ocrx_word' id='word_1_116' title='bbox 342 1821 386 1832; x_wconf 95' lang='lat'>-</span> <span class='ocrx_word' id='word_1_117' title='bbox 405 1783 486 1850; x_wconf 83' lang='lat' dir='ltr'><strong>sioni</strong></span> <span class='ocrx_word' id='word_1_118' title='bbox 505 1783 605 1867; x_wconf 83' lang='lat' dir='ltr'><strong>aliqui</strong></span> <span class='ocrx_word' id='word_1_119' title='bbox 626 1784 778 1868; x_wconf 79' lang='lat' dir='ltr'><strong>putabant</strong></span> <span class='ocrx_word' id='word_1_120' title='bbox 798 1783 828 1852; x_wconf 90' lang='lat' dir='ltr'><strong>S.</strong></span> <span class='ocrx_word' id='word_1_121' title='bbox 847 1785 1004 1850; x_wconf 79' lang='lat' dir='ltr'><strong>Hilarium</strong></span> <span class='ocrx_word' id='word_1_122' title='bbox 1026 1805 1159 1850; x_wconf 68' lang='lat' dir='ltr'><strong>msere</strong></span> <span class='ocrx_word' id='word_1_123' title='bbox 1179 1807 1235 1860; x_wconf 77' lang='grc' dir='ltr'><strong>-ς</strong></span> <span class='ocrx_word' id='word_1_124' title='bbox 1255 1805 1325 1851; x_wconf 68' lang='lat' dir='ltr'><strong>cere</strong></span> <span class='ocrx_word' id='word_1_125' title='bbox 1345 1783 1432 1851; x_wconf 75' lang='lat' dir='ltr'><strong>etnim</strong></span> 
     </span>
     <span class='ocr_line' id='line_1_14' title="bbox 207 1883 1434 1974; baseline -0.005 -18"><span class='ocrx_word' id='word_1_126' title='bbox 207 1885 399 1974; x_wconf 71' lang='lat' dir='ltr'><strong>loerysurcs</strong></span> <span class='ocrx_word' id='word_1_127' title='bbox 433 1893 557 1957; x_wconf 68' lang='lat' dir='ltr'><strong>noctu</strong></span> <span class='ocrx_word' id='word_1_128' title='bbox 592 1889 658 1974; x_wconf 81' lang='lat' dir='ltr'><strong>ipse</strong></span> <span class='ocrx_word' id='word_1_129' title='bbox 688 1889 763 1956; x_wconf 74' lang='lat' dir='ltr'><strong>tentet</strong></span> <span class='ocrx_word' id='word_1_130' title='bbox 795 1895 825 1956; x_wconf 86' lang='lat' dir='ltr'><strong>et</strong></span> <span class='ocrx_word' id='word_1_131' title='bbox 857 1889 976 1958; x_wconf 75' lang='lat' dir='ltr'><strong>dolores</strong></span> <span class='ocrx_word' id='word_1_132' title='bbox 1013 1895 1137 1958; x_wconf 69' lang='lat' dir='ltr'><strong>corbos</strong></span> <span class='ocrx_word' id='word_1_133' title='bbox 1173 1891 1238 1974; x_wconf 82' lang='lat' dir='ltr'><strong>ipse</strong></span> <span class='ocrx_word' id='word_1_134' title='bbox 1274 1883 1434 1974; x_wconf 76' lang='lat' dir='ltr'><strong>portavit!</strong></span> 
     </span>
     <span class='ocr_line' id='line_1_15' title="bbox 208 1988 1432 2076; baseline -0.001 -24"><span class='ocrx_word' id='word_1_135' title='bbox 208 1988 272 2052; x_wconf 86' lang='lat' dir='ltr'><strong>sed</strong></span> <span class='ocrx_word' id='word_1_136' title='bbox 297 1989 405 2074; x_wconf 79' lang='lat' dir='ltr'><strong>passio</strong></span> <span class='ocrx_word' id='word_1_137' title='bbox 425 1990 553 2055; x_wconf 87' lang='lat' dir='ltr'><strong>Domini</strong></span> <span class='ocrx_word' id='word_1_138' title='bbox 574 2011 637 2054; x_wconf 92' lang='lat' dir='ltr'><strong>non</strong></span> <span class='ocrx_word' id='word_1_139' title='bbox 663 1990 830 2076; x_wconf 81' lang='lat' dir='ltr'><strong>pungentis</strong></span> <span class='ocrx_word' id='word_1_140' title='bbox 851 1991 906 2056; x_wconf 87' lang='lat' dir='ltr'><strong>teli</strong></span> <span class='ocrx_word' id='word_1_141' title='bbox 927 1993 978 2056; x_wconf 82' lang='lat' dir='ltr'><strong>vel</strong></span> <span class='ocrx_word' id='word_1_142' title='bbox 998 1991 1079 2056; x_wconf 83' lang='lat' dir='ltr'><strong>clavi</strong></span> <span class='ocrx_word' id='word_1_143' title='bbox 1104 2013 1214 2056; x_wconf 75' lang='lat' dir='ltr'><strong>mannus</strong></span> <span class='ocrx_word' id='word_1_144' title='bbox 1242 1989 1432 2074; x_wconf 84' lang='lat' dir='ltr'><strong>penetrantis</strong></span> 
     </span>
     <span class='ocr_line' id='line_1_16' title="bbox 208 2088 1432 2178; baseline 0 -23"><span class='ocrx_word' id='word_1_145' title='bbox 208 2093 276 2154; x_wconf 74' lang='lat' dir='ltr'><strong>aut</strong></span> <span class='ocrx_word' id='word_1_146' title='bbox 306 2089 468 2156; x_wconf 76' lang='lat' dir='ltr'><strong>inferentis</strong></span> <span class='ocrx_word' id='word_1_147' title='bbox 495 2089 629 2156; x_wconf 84' lang='lat' dir='ltr'><strong>ministri</strong></span> <span class='ocrx_word' id='word_1_148' title='bbox 650 2112 729 2175; x_wconf 87' lang='lat' dir='ltr'><strong>opos</strong></span> <span class='ocrx_word' id='word_1_149' title='bbox 757 2090 868 2170; x_wconf 83' lang='lat' dir='ltr'><strong>extitit,</strong></span> <span class='ocrx_word' id='word_1_150' title='bbox 895 2093 948 2158; x_wconf 86' lang='lat' dir='ltr'><strong>sed</strong></span> <span class='ocrx_word' id='word_1_151' title='bbox 973 2091 1021 2157; x_wconf 83' lang='lat' dir='ltr'><strong>oni</strong></span> <span class='ocrx_word' id='word_1_152' title='bbox 1043 2091 1159 2178; x_wconf 81' lang='lat' dir='ltr'><strong>placiti,</strong></span> <span class='ocrx_word' id='word_1_153' title='bbox 1186 2091 1316 2156; x_wconf 78' lang='lat' dir='ltr'><strong>unlnero</strong></span> <span class='ocrx_word' id='word_1_154' title='bbox 1336 2088 1432 2156; x_wconf 88' lang='lat' dir='ltr'><strong>simul</strong></span> 
     </span>
     <span class='ocr_line' id='line_1_17' title="bbox 211 2191 1429 2277; baseline 0.001 -22"><span class='ocrx_word' id='word_1_155' title='bbox 211 2193 250 2255; x_wconf 84' lang='lat' dir='ltr'><strong>ct</strong></span> <span class='ocrx_word' id='word_1_156' title='bbox 264 2191 396 2258; x_wconf 74' lang='lat' dir='ltr'><strong>dolores</strong></span> <span class='ocrx_word' id='word_1_157' title='bbox 416 2191 621 2268; x_wconf 82' lang='lat' dir='ltr'><strong>admittentis;</strong></span> <span class='ocrx_word' id='word_1_158' title='bbox 641 2191 756 2274; x_wconf 75' lang='lat' dir='ltr'><strong>quribus</strong></span> <span class='ocrx_word' id='word_1_159' title='bbox 777 2195 809 2258; x_wconf 89' lang='lat' dir='ltr'><strong>et</strong></span> <span class='ocrx_word' id='word_1_160' title='bbox 829 2192 903 2277; x_wconf 90' lang='lat' dir='ltr'><strong>ipsis</strong></span> <span class='ocrx_word' id='word_1_161' title='bbox 925 2214 988 2259; x_wconf 89' lang='lat' dir='ltr'><strong>non</strong></span> <span class='ocrx_word' id='word_1_162' title='bbox 1009 2191 1172 2258; x_wconf 81' lang='lat' dir='ltr'><strong>infirmiter</strong></span> <span class='ocrx_word' id='word_1_163' title='bbox 1192 2191 1362 2270; x_wconf 79' lang='lat' dir='ltr'><strong>succubuit,</strong></span> <span class='ocrx_word' id='word_1_164' title='bbox 1376 2191 1429 2257; x_wconf 87' lang='lat' dir='ltr'><strong>sed</strong></span> 
     </span>
     <span class='ocr_line' id='line_1_18' title="bbox 209 2289 1430 2378; baseline 0 -23"><span class='ocrx_word' id='word_1_165' title='bbox 209 2289 390 2358; x_wconf 77' lang='lat' dir='ltr'><strong>victoriose</strong></span> <span class='ocrx_word' id='word_1_166' title='bbox 416 2292 456 2358; x_wconf 88' lang='lat' dir='ltr'><strong>od</strong></span> <span class='ocrx_word' id='word_1_167' title='bbox 482 2291 699 2358; x_wconf 71' lang='lat' dir='ltr'><strong>debellandum</strong></span> <span class='ocrx_word' id='word_1_168' title='bbox 728 2291 888 2358; x_wconf 90' lang='lat' dir='ltr'><strong>inimicum</strong></span> <span class='ocrx_word' id='word_1_169' title='bbox 921 2315 995 2359; x_wconf 80' lang='lat' dir='ltr'><strong>uam</strong></span> <span class='ocrx_word' id='word_1_170' title='bbox 1024 2296 1078 2360; x_wconf 86' lang='lat' dir='ltr'><strong>est</strong></span> <span class='ocrx_word' id='word_1_171' title='bbox 1120 2293 1164 2358; x_wconf 79' lang='lat' dir='ltr'><strong>m</strong></span> <span class='ocrx_word' id='word_1_172' title='bbox 1188 2293 1262 2359; x_wconf 89' lang='lat' dir='ltr'><strong>hoc.</strong></span> <span class='ocrx_word' id='word_1_173' title='bbox 1280 2313 1339 2378; x_wconf 78' lang='lat' dir='ltr'><strong>ego</strong></span> <span class='ocrx_word' id='word_1_174' title='bbox 1364 2312 1430 2356; x_wconf 89' lang='lat' dir='ltr'><strong>esse</strong></span> 
     </span>
     <span class='ocr_line' id='line_1_19' title="bbox 212 2392 1431 2481; baseline -0.001 -23"><span class='ocrx_word' id='word_1_175' title='bbox 212 2413 288 2458; x_wconf 89' lang='lat' dir='ltr'><strong>non</strong></span> <span class='ocrx_word' id='word_1_176' title='bbox 309 2393 448 2460; x_wconf 75' lang='lat' dir='ltr'><strong>dubitem</strong></span> <span class='ocrx_word' id='word_1_177' title='bbox 475 2414 601 2460; x_wconf 78' lang='lat' dir='ltr'><strong>causam</strong></span> <span class='ocrx_word' id='word_1_178' title='bbox 629 2393 704 2460; x_wconf 88' lang='lat' dir='ltr'><strong>dicti</strong></span> <span class='ocrx_word' id='word_1_179' title='bbox 732 2395 904 2480; x_wconf 82' lang='lat' dir='ltr'><strong>apostolici,</strong></span> <span class='ocrx_word' id='word_1_180' title='bbox 933 2400 1099 2481; x_wconf 84' lang='lat' dir='ltr'><strong>patresque</strong></span> <span class='ocrx_word' id='word_1_181' title='bbox 1126 2394 1206 2461; x_wconf 86' lang='lat' dir='ltr'><strong>idern</strong></span> <span class='ocrx_word' id='word_1_182' title='bbox 1235 2395 1269 2459; x_wconf 91' lang='lat' dir='ltr'><strong>in</strong></span> <span class='ocrx_word' id='word_1_183' title='bbox 1296 2392 1431 2478; x_wconf 88' lang='lat' dir='ltr'><strong>apostoli</strong></span> 
     </span>
     <span class='ocr_line' id='line_1_20' title="bbox 213 2499 1429 2586; baseline -0.001 -23"><span class='ocrx_word' id='word_1_184' title='bbox 213 2499 320 2566; x_wconf 81' lang='lat' dir='ltr'><strong>verbs</strong></span> <span class='ocrx_word' id='word_1_185' title='bbox 344 2499 482 2580; x_wconf 85' lang='lat' dir='ltr'><strong>sensisse,</strong></span> <span class='ocrx_word' id='word_1_186' title='bbox 507 2500 621 2586; x_wconf 79' lang='lat' dir='ltr'><strong>quibus</strong></span> <span class='ocrx_word' id='word_1_187' title='bbox 649 2500 709 2566; x_wconf 75' lang='lat' dir='ltr'><strong>citt</strong></span> <span class='ocrx_word' id='word_1_188' title='bbox 729 2501 882 2586; x_wconf 73' lang='lat' dir='ltr'><strong>puniam</strong></span> <span class='ocrx_word' id='word_1_189' title='bbox 903 2501 1016 2568; x_wconf 74' lang='lat' dir='ltr'><strong>lroldu</strong></span> <span class='ocrx_word' id='word_1_190' title='bbox 1036 2502 1186 2570; x_wconf 74' lang='lat' dir='ltr'><strong>irruendo</strong></span> <span class='ocrx_word' id='word_1_191' title='bbox 1207 2504 1252 2567; x_wconf 80' lang='lat' dir='ltr'><strong>est</strong></span> <span class='ocrx_word' id='word_1_192' title='bbox 1272 2505 1310 2567; x_wconf 84' lang='lat' dir='ltr'><strong>ut</strong></span> <span class='ocrx_word' id='word_1_193' title='bbox 1330 2499 1429 2567; x_wconf 72' lang='lat' dir='ltr'><strong>bom.</strong></span> 
     </span>
     <span class='ocr_line' id='line_1_21' title="bbox 214 2597 1430 2700; baseline -0.003 -26"><span class='ocrx_word' id='word_1_194' title='bbox 214 2603 316 2674; x_wconf 85' lang='lat' dir='ltr'><strong>Unde</strong></span> <span class='ocrx_word' id='word_1_195' title='bbox 338 2597 478 2674; x_wconf 72' lang='lat' dir='ltr'><strong>lidorius</strong></span> <span class='ocrx_word' id='word_1_196' title='bbox 497 2605 555 2688; x_wconf 83' lang='lat' dir='ltr'><strong>(X.</strong></span> <span class='ocrx_word' id='word_1_197' title='bbox 577 2607 637 2692; x_wconf 78' lang='lat'><strong>25)</strong></span> <span class='ocrx_word' id='word_1_198' title='bbox 657 2605 689 2673; x_wconf 91' lang='lat' dir='ltr'><strong>in</strong></span> <span class='ocrx_word' id='word_1_199' title='bbox 710 2607 901 2692; x_wconf 83' lang='lat' dir='ltr'><strong>praemissis:</strong></span> <span class='ocrx_word' id='word_1_200' title='bbox 928 2606 1002 2674; x_wconf 84' lang='lat' dir='ltr'><strong>Non</strong></span> <span class='ocrx_word' id='word_1_201' title='bbox 1024 2607 1085 2674; x_wconf 86' lang='lat' dir='ltr'><strong>luit</strong></span> <span class='ocrx_word' id='word_1_202' title='bbox 1105 2606 1230 2700; x_wconf 75' lang='lat' dir='ltr'><strong>habitin</strong></span> <span class='ocrx_word' id='word_1_203' title='bbox 1251 2605 1304 2672; x_wconf 90' lang='lat' dir='ltr'><strong>ille</strong></span> <span class='ocrx_word' id='word_1_204' title='bbox 1326 2609 1430 2672; x_wconf 82' lang='lat' dir='ltr'><strong>tamen</strong></span> 
     </span>
     <span class='ocr_line' id='line_1_22' title="bbox 214 2707 1430 2797; baseline -0.002 -22"><span class='ocrx_word' id='word_1_205' title='bbox 214 2707 370 2788; x_wconf 85' lang='lat' dir='ltr'><strong>hominis,</strong></span> <span class='ocrx_word' id='word_1_206' title='bbox 399 2710 452 2777; x_wconf 84' lang='lat' dir='ltr'><strong>scd</strong></span> <span class='ocrx_word' id='word_1_207' title='bbox 484 2715 522 2776; x_wconf 86' lang='lat' dir='ltr'><strong>ut</strong></span> <span class='ocrx_word' id='word_1_208' title='bbox 551 2709 696 2789; x_wconf 86' lang='lat' dir='ltr'><strong>bourinis,</strong></span> <span class='ocrx_word' id='word_1_209' title='bbox 726 2733 827 2796; x_wconf 71' lang='lat' dir='ltr'><strong>nupuo</strong></span> <span class='ocrx_word' id='word_1_210' title='bbox 858 2732 930 2778; x_wconf 87' lang='lat' dir='ltr'><strong>cero</strong></span> <span class='ocrx_word' id='word_1_211' title='bbox 962 2709 1020 2778; x_wconf 85' lang='lat' dir='ltr'><strong>illa</strong></span> <span class='ocrx_word' id='word_1_212' title='bbox 1050 2731 1122 2778; x_wconf 89' lang='lat' dir='ltr'><strong>caro</strong></span> <span class='ocrx_word' id='word_1_213' title='bbox 1153 2708 1281 2797; x_wconf 83' lang='lat' dir='ltr'><strong>peccati,</strong></span> <span class='ocrx_word' id='word_1_214' title='bbox 1312 2709 1364 2776; x_wconf 87' lang='lat' dir='ltr'><strong>sed</strong></span> <span class='ocrx_word' id='word_1_215' title='bbox 1396 2707 1430 2773; x_wconf 93' lang='lat' dir='ltr'><strong>iu</strong></span> 
     </span>
     <span class='ocr_line' id='line_1_23' title="bbox 215 2811 1429 2900; baseline -0.002 -21"><span class='ocrx_word' id='word_1_216' title='bbox 215 2811 458 2880; x_wconf 82' lang='lat' dir='ltr'><strong>similitudinem</strong></span> <span class='ocrx_word' id='word_1_217' title='bbox 487 2812 587 2880; x_wconf 85' lang='lat' dir='ltr'><strong>carnis</strong></span> <span class='ocrx_word' id='word_1_218' title='bbox 614 2813 741 2899; x_wconf 89' lang='lat' dir='ltr'><strong>peccnti</strong></span> <span class='ocrx_word' id='word_1_219' title='bbox 762 2849 805 2862; x_wconf 95' lang='lat'><em>-</em></span> <span class='ocrx_word' id='word_1_220' title='bbox 824 2813 950 2880; x_wconf 74' lang='lat' dir='ltr'><strong>Etenim</strong></span> <span class='ocrx_word' id='word_1_221' title='bbox 977 2814 1119 2900; x_wconf 73' lang='lat' dir='ltr'><strong>utramvis</strong></span> <span class='ocrx_word' id='word_1_222' title='bbox 1146 2817 1277 2880; x_wconf 83' lang='lat' dir='ltr'><strong>nauuce</strong></span> <span class='ocrx_word' id='word_1_223' title='bbox 1305 2815 1429 2878; x_wconf 85' lang='lat' dir='ltr'><strong>nostroe</strong></span> 
     </span>
     <span class='ocr_line' id='line_1_24' title="bbox 216 2912 1430 2995; baseline 0 -15"><span class='ocrx_word' id='word_1_224' title='bbox 216 2912 256 2980; x_wconf 88' lang='lat' dir='ltr'><strong>in</strong></span> <span class='ocrx_word' id='word_1_225' title='bbox 269 2914 403 2981; x_wconf 75' lang='lat' dir='ltr'><strong>veritate</strong></span> <span class='ocrx_word' id='word_1_226' title='bbox 415 2936 542 2982; x_wconf 84' lang='lat' dir='ltr'><strong>consors</strong></span> <span class='ocrx_word' id='word_1_227' title='bbox 562 2915 709 2995; x_wconf 63' lang='lat' dir='ltr'><strong>neunt,</strong></span> <span class='ocrx_word' id='word_1_228' title='bbox 729 2938 793 2982; x_wconf 95' lang='lat' dir='ltr'><strong>non</strong></span> <span class='ocrx_word' id='word_1_229' title='bbox 814 2919 918 2982; x_wconf 66' lang='lat' dir='ltr'><strong>minen</strong></span> <span class='ocrx_word' id='word_1_230' title='bbox 937 2921 1065 2984; x_wconf 76' lang='lat' dir='ltr'><strong>cobirac</strong></span> <span class='ocrx_word' id='word_1_231' title='bbox 1086 2921 1211 2984; x_wconf 83' lang='lat' dir='ltr'><strong>nostrae</strong></span> <span class='ocrx_word' id='word_1_232' title='bbox 1225 2914 1430 2990; x_wconf 74' lang='lat' dir='ltr'><strong>necessitates,</strong></span> 
     </span>
     <span class='ocr_line' id='line_1_25' title="bbox 218 3016 1429 3103; baseline -0.002 -21"><span class='ocrx_word' id='word_1_233' title='bbox 218 3016 320 3082; x_wconf 83' lang='lat' dir='ltr'><strong>etism</strong></span> <span class='ocrx_word' id='word_1_234' title='bbox 341 3037 421 3100; x_wconf 82' lang='lat' dir='ltr'><strong>quae</strong></span> <span class='ocrx_word' id='word_1_235' title='bbox 441 3021 563 3102; x_wconf 74' lang='lat' dir='ltr'><strong>praeter</strong></span> <span class='ocrx_word' id='word_1_236' title='bbox 582 3021 743 3103; x_wconf 81' lang='lat' dir='ltr'><strong>peccatum</strong></span> <span class='ocrx_word' id='word_1_237' title='bbox 764 3023 845 3096; x_wconf 77' lang='lat' dir='ltr'><strong>sunt</strong></span> <span class='ocrx_word' id='word_1_238' title='bbox 873 3019 904 3085; x_wconf 92' lang='lat' dir='ltr'><strong>in</strong></span> <span class='ocrx_word' id='word_1_239' title='bbox 926 3041 959 3085; x_wconf 86' lang='lat' dir='ltr'><strong>se</strong></span> <span class='ocrx_word' id='word_1_240' title='bbox 980 3023 1103 3086; x_wconf 85' lang='lat' dir='ltr'><strong>nostroe</strong></span> <span class='ocrx_word' id='word_1_241' title='bbox 1124 3017 1314 3086; x_wconf 82' lang='lat' dir='ltr'><strong>infirmitatis</strong></span> <span class='ocrx_word' id='word_1_242' title='bbox 1335 3016 1429 3082; x_wconf 93' lang='lat' dir='ltr'><strong>modo</strong></span> 
     </span>
     <span class='ocr_line' id='line_1_26' title="bbox 218 3117 1429 3208; baseline 0 -26"><span class='ocrx_word' id='word_1_243' title='bbox 218 3117 367 3202; x_wconf 73' lang='lat' dir='ltr'><strong>snmepit</strong></span> <span class='ocrx_word' id='word_1_244' title='bbox 400 3117 512 3204; x_wconf 83' lang='lat' dir='ltr'><strong>Neque</strong></span> <span class='ocrx_word' id='word_1_245' title='bbox 533 3118 615 3185; x_wconf 88' lang='lat' dir='ltr'><strong>enim</strong></span> <span class='ocrx_word' id='word_1_246' title='bbox 637 3120 809 3186; x_wconf 83' lang='lat' dir='ltr'><strong>invincibili</strong></span> <span class='ocrx_word' id='word_1_247' title='bbox 829 3125 953 3187; x_wconf 75' lang='lat' dir='ltr'><strong>nocuos</strong></span> <span class='ocrx_word' id='word_1_248' title='bbox 974 3121 1169 3208; x_wconf 80' lang='lat' dir='ltr'><strong>ignorantiae</strong></span> <span class='ocrx_word' id='word_1_249' title='bbox 1182 3121 1233 3186; x_wconf 79' lang='lat' dir='ltr'><strong>vel</strong></span> <span class='ocrx_word' id='word_1_250' title='bbox 1254 3117 1429 3186; x_wconf 73' lang='lat' dir='ltr'><strong>necessitati</strong></span> 
     </span>
    </p>

    <p class='ocr_par' dir='ltr' id='par_1_3' title="bbox 213 3218 1466 4742">
     <span class='ocr_line' id='line_1_27' title="bbox 217 3218 1466 3308; baseline -0.001 -24"><span class='ocrx_word' id='word_1_251' title='bbox 217 3218 361 3304; x_wconf 79' lang='lat' dir='ltr'><strong>potiendi</strong></span> <span class='ocrx_word' id='word_1_252' title='bbox 382 3219 448 3286; x_wconf 90' lang='lat' dir='ltr'><strong>ullo</strong></span> <span class='ocrx_word' id='word_1_253' title='bbox 469 3221 563 3287; x_wconf 92' lang='lat' dir='ltr'><strong>modo</strong></span> <span class='ocrx_word' id='word_1_254' title='bbox 583 3221 736 3288; x_wconf 75' lang='lat' dir='ltr'><strong>obnoxium</strong></span> <span class='ocrx_word' id='word_1_255' title='bbox 757 3221 851 3288; x_wconf 74' lang='lat' dir='ltr'><strong>sune</strong></span> <span class='ocrx_word' id='word_1_256' title='bbox 872 3223 1040 3289; x_wconf 84' lang='lat' dir='ltr'><strong>credendus</strong></span> <span class='ocrx_word' id='word_1_257' title='bbox 1060 3227 1116 3300; x_wconf 87' lang='lat' dir='ltr'><strong>est,</strong></span> <span class='ocrx_word' id='word_1_258' title='bbox 1137 3223 1263 3300; x_wconf 87' lang='lat' dir='ltr'><strong>habens,</strong></span> <span class='ocrx_word' id='word_1_259' title='bbox 1284 3222 1369 3308; x_wconf 92' lang='lat' dir='ltr'><strong>quod</strong></span> <span class='ocrx_word' id='word_1_260' title='bbox 1390 3241 1428 3286; x_wconf 89' lang='lat' dir='ltr'><strong>ex</strong></span> <span class='ocrx_word' id='word_1_261' title='bbox 1464 3279 1466 3284; x_wconf 86' lang='lat'><em>.</em></span> 
     </span>
     <span class='ocr_line' id='line_1_28' title="bbox 219 3320 1428 3408; baseline 0 -22"><span class='ocrx_word' id='word_1_262' title='bbox 219 3325 339 3397; x_wconf 63' lang='lat' dir='ltr'><strong>nocuo,</strong></span> <span class='ocrx_word' id='word_1_263' title='bbox 365 3320 483 3405; x_wconf 88' lang='lat' dir='ltr'><strong>inquo</strong></span> <span class='ocrx_word' id='word_1_264' title='bbox 510 3323 577 3405; x_wconf 86' lang='lat' dir='ltr'><strong>poti</strong></span> <span class='ocrx_word' id='word_1_265' title='bbox 605 3323 750 3406; x_wconf 88' lang='lat' dir='ltr'><strong>potuerit,</strong></span> <span class='ocrx_word' id='word_1_266' title='bbox 777 3345 839 3389; x_wconf 92' lang='lat' dir='ltr'><strong>non</strong></span> <span class='ocrx_word' id='word_1_267' title='bbox 868 3323 971 3401; x_wconf 87' lang='lat' dir='ltr'><strong>etiam,</strong></span> <span class='ocrx_word' id='word_1_268' title='bbox 999 3345 1063 3408; x_wconf 86' lang='lat' dir='ltr'><strong>quo</strong></span> <span class='ocrx_word' id='word_1_269' title='bbox 1088 3328 1212 3390; x_wconf 86' lang='lat' dir='ltr'><strong>nostran</strong></span> <span class='ocrx_word' id='word_1_270' title='bbox 1238 3321 1428 3390; x_wconf 82' lang='lat' dir='ltr'><strong>inlinuitatis</strong></span> 
     </span>
     <span class='ocr_line' id='line_1_29' title="bbox 218 3419 1429 3508; baseline -0.001 -23"><span class='ocrx_word' id='word_1_271' title='bbox 218 3420 317 3486; x_wconf 91' lang='lat' dir='ltr'><strong>modo</strong></span> <span class='ocrx_word' id='word_1_272' title='bbox 347 3419 501 3504; x_wconf 64' lang='lat' dir='ltr'><strong>passibilis</strong></span> <span class='ocrx_word' id='word_1_273' title='bbox 530 3421 674 3490; x_wconf 80' lang='lat' dir='ltr'><strong>extiterit</strong></span> <span class='ocrx_word' id='word_1_274' title='bbox 724 3424 768 3489; x_wconf 75' lang='lat' dir='ltr'><strong>Ec</strong></span> <span class='ocrx_word' id='word_1_275' title='bbox 797 3423 880 3489; x_wconf 89' lang='lat' dir='ltr'><strong>hunc</strong></span> <span class='ocrx_word' id='word_1_276' title='bbox 908 3424 1034 3508; x_wconf 74' lang='lat' dir='ltr'><strong>(pridem</strong></span> <span class='ocrx_word' id='word_1_277' title='bbox 1065 3425 1158 3508; x_wconf 79' lang='lat' dir='ltr'><strong>juxto</strong></span> <span class='ocrx_word' id='word_1_278' title='bbox 1189 3425 1364 3508; x_wconf 83' lang='lat' dir='ltr'><strong>apostolmu</strong></span> <span class='ocrx_word' id='word_1_279' title='bbox 1395 3425 1429 3486; x_wconf 88' lang='lat' dir='ltr'><strong>et</strong></span> 
     </span>
     <span class='ocr_line' id='line_1_30' title="bbox 219 3521 1427 3603; baseline 0.002 -16"><span class='ocrx_word' id='word_1_280' title='bbox 219 3521 339 3587; x_wconf 82' lang='lat' dir='ltr'><strong>Hssarii</strong></span> <span class='ocrx_word' id='word_1_281' title='bbox 358 3543 481 3587; x_wconf 83' lang='lat' dir='ltr'><strong>censum</strong></span> <span class='ocrx_word' id='word_1_282' title='bbox 496 3522 637 3588; x_wconf 78' lang='lat' dir='ltr'><strong>habitrun</strong></span> <span class='ocrx_word' id='word_1_283' title='bbox 660 3527 696 3589; x_wconf 90' lang='lat' dir='ltr'><strong>ut</strong></span> <span class='ocrx_word' id='word_1_284' title='bbox 714 3523 851 3591; x_wconf 83' lang='lat' dir='ltr'><strong>hominis</strong></span> <span class='ocrx_word' id='word_1_285' title='bbox 872 3525 905 3592; x_wconf 91' lang='lat' dir='ltr'><strong>in</strong></span> <span class='ocrx_word' id='word_1_286' title='bbox 919 3525 1043 3592; x_wconf 80' lang='lat' dir='ltr'><strong>Christo</strong></span> <span class='ocrx_word' id='word_1_287' title='bbox 1058 3527 1231 3603; x_wconf 72' lang='lat' dir='ltr'><strong>adstruunt,</strong></span> <span class='ocrx_word' id='word_1_288' title='bbox 1244 3547 1308 3591; x_wconf 92' lang='lat' dir='ltr'><strong>nou</strong></span> <span class='ocrx_word' id='word_1_289' title='bbox 1322 3529 1427 3590; x_wconf 65' lang='lat' dir='ltr'><strong>umen</strong></span> 
     </span>
     <span class='ocr_line' id='line_1_31' title="bbox 218 3621 1428 3708; baseline -0.001 -20"><span class='ocrx_word' id='word_1_290' title='bbox 218 3625 352 3688; x_wconf 75' lang='lat' dir='ltr'><strong>nsum</strong></span> <span class='ocrx_word' id='word_1_291' title='bbox 371 3621 525 3688; x_wconf 78' lang='lat' dir='ltr'><strong>humanae</strong></span> <span class='ocrx_word' id='word_1_292' title='bbox 550 3623 583 3689; x_wconf 92' lang='lat' dir='ltr'><strong>in</strong></span> <span class='ocrx_word' id='word_1_293' title='bbox 608 3624 675 3708; x_wconf 88' lang='lat' dir='ltr'><strong>ipso</strong></span> <span class='ocrx_word' id='word_1_294' title='bbox 702 3624 825 3691; x_wconf 83' lang='lat' dir='ltr'><strong>veritati</strong></span> <span class='ocrx_word' id='word_1_295' title='bbox 850 3626 1074 3692; x_wconf 86' lang='lat' dir='ltr'><strong>contradicunt.</strong></span> <span class='ocrx_word' id='word_1_296' title='bbox 1116 3625 1175 3692; x_wconf 75' lang='lat' dir='ltr'><strong>mc</strong></span> <span class='ocrx_word' id='word_1_297' title='bbox 1203 3630 1236 3692; x_wconf 88' lang='lat' dir='ltr'><strong>ot</strong></span> <span class='ocrx_word' id='word_1_298' title='bbox 1256 3626 1319 3692; x_wconf 82' lang='lat' dir='ltr'><strong>alic</strong></span> <span class='ocrx_word' id='word_1_299' title='bbox 1339 3623 1428 3700; x_wconf 87' lang='lat' dir='ltr'><strong>ratio,</strong></span> 
     </span>
     <span class='ocr_line' id='line_1_32' title="bbox 219 3723 1429 3812; baseline 0 -24"><span class='ocrx_word' id='word_1_300' title='bbox 219 3744 322 3808; x_wconf 79' lang='lat' dir='ltr'><strong>quare</strong></span> <span class='ocrx_word' id='word_1_301' title='bbox 341 3723 492 3808; x_wconf 86' lang='lat' dir='ltr'><strong>apostolo,</strong></span> <span class='ocrx_word' id='word_1_302' title='bbox 515 3723 659 3790; x_wconf 84' lang='lat' dir='ltr'><strong>similiter</strong></span> <span class='ocrx_word' id='word_1_303' title='bbox 680 3729 712 3792; x_wconf 89' lang='lat' dir='ltr'><strong>et</strong></span> <span class='ocrx_word' id='word_1_304' title='bbox 732 3727 900 3794; x_wconf 75' lang='lat' dir='ltr'><strong>secrundrmr</strong></span> <span class='ocrx_word' id='word_1_305' title='bbox 921 3727 1023 3812; x_wconf 86' lang='lat' dir='ltr'><strong>ipsum</strong></span> <span class='ocrx_word' id='word_1_306' title='bbox 1044 3725 1193 3810; x_wconf 87' lang='lat' dir='ltr'><strong>patribus,</strong></span> <span class='ocrx_word' id='word_1_307' title='bbox 1214 3727 1278 3792; x_wconf 93' lang='lat' dir='ltr'><strong>imo</strong></span> <span class='ocrx_word' id='word_1_308' title='bbox 1299 3748 1373 3793; x_wconf 82' lang='lat' dir='ltr'><strong>vero</strong></span> <span class='ocrx_word' id='word_1_309' title='bbox 1395 3729 1429 3791; x_wconf 86' lang='lat' dir='ltr'><strong>et</strong></span> 
     </span>
     <span class='ocr_line' id='line_1_33' title="bbox 219 3823 1428 3926; baseline 0.002 -35"><span class='ocrx_word' id='word_1_310' title='bbox 219 3824 283 3912; x_wconf 84' lang='lat' dir='ltr'><strong>ipsi</strong></span> <span class='ocrx_word' id='word_1_311' title='bbox 302 3823 439 3892; x_wconf 88' lang='lat' dir='ltr'><strong>Domino</strong></span> <span class='ocrx_word' id='word_1_312' title='bbox 466 3823 501 3890; x_wconf 91' lang='lat' dir='ltr'><strong>in</strong></span> <span class='ocrx_word' id='word_1_313' title='bbox 520 3847 554 3890; x_wconf 85' lang='lat' dir='ltr'><strong>se</strong></span> <span class='ocrx_word' id='word_1_314' title='bbox 571 3825 724 3892; x_wconf 86' lang='lat' dir='ltr'><strong>&#39;habitum</strong></span> <span class='ocrx_word' id='word_1_315' title='bbox 752 3832 884 3895; x_wconf 71' lang='lat' dir='ltr'><strong>natiuae</strong></span> <span class='ocrx_word' id='word_1_316' title='bbox 911 3833 1035 3926; x_wconf 73' lang='lat' dir='ltr'><strong>nostroe</strong></span> <span class='ocrx_word' id='word_1_317' title='bbox 1063 3848 1100 3894; x_wconf 88' lang='lat' dir='ltr'><strong>sc</strong></span> <span class='ocrx_word' id='word_1_318' title='bbox 1121 3828 1159 3894; x_wconf 90' lang='lat' dir='ltr'><strong>de</strong></span> <span class='ocrx_word' id='word_1_319' title='bbox 1187 3850 1220 3894; x_wconf 88' lang='lat' dir='ltr'><strong>se</strong></span> <span class='ocrx_word' id='word_1_320' title='bbox 1245 3825 1428 3894; x_wconf 88' lang='lat' dir='ltr'><strong>annuncisri</strong></span> 
     </span>
     <span class='ocr_line' id='line_1_34' title="bbox 218 3923 1427 4012; baseline 0.003 -20"><span class='ocrx_word' id='word_1_321' title='bbox 218 3927 379 4012; x_wconf 79' lang='lat' dir='ltr'><strong>placuerit</strong></span> <span class='ocrx_word' id='word_1_322' title='bbox 421 3923 504 4004; x_wconf 80' lang='lat' dir='ltr'><strong>Quin</strong></span> <span class='ocrx_word' id='word_1_323' title='bbox 532 3928 565 3993; x_wconf 89' lang='lat' dir='ltr'><strong>et</strong></span> <span class='ocrx_word' id='word_1_324' title='bbox 593 3927 659 4012; x_wconf 86' lang='lat' dir='ltr'><strong>ipse</strong></span> <span class='ocrx_word' id='word_1_325' title='bbox 688 3930 820 3996; x_wconf 88' lang='lat' dir='ltr'><strong>eundem</strong></span> <span class='ocrx_word' id='word_1_326' title='bbox 851 3934 981 3996; x_wconf 81' lang='lat' dir='ltr'><strong>naturae</strong></span> <span class='ocrx_word' id='word_1_327' title='bbox 1008 3934 1133 3996; x_wconf 72' lang='lat' dir='ltr'><strong>nocuae</strong></span> <span class='ocrx_word' id='word_1_328' title='bbox 1161 3927 1194 3996; x_wconf 91' lang='lat' dir='ltr'><strong>iu</strong></span> <span class='ocrx_word' id='word_1_329' title='bbox 1221 3951 1255 3995; x_wconf 85' lang='lat' dir='ltr'><strong>sc</strong></span> <span class='ocrx_word' id='word_1_330' title='bbox 1282 3929 1427 3996; x_wconf 84' lang='lat' dir='ltr'><strong>hobitum</strong></span> 
     </span>
     <span class='ocr_line' id='line_1_35' title="bbox 219 4029 1428 4120; baseline 0.002 -22"><span class='ocrx_word' id='word_1_331' title='bbox 219 4030 436 4115; x_wconf 77' lang='lat' dir='ltr'><strong>pronunciavit</strong></span> <span class='ocrx_word' id='word_1_332' title='bbox 455 4029 574 4097; x_wconf 82' lang='lat' dir='ltr'><strong>dicens:</strong></span> <span class='ocrx_word' id='word_1_333' title='bbox 597 4029 682 4100; x_wconf 81' lang='lat' dir='ltr'><strong>Coro</strong></span> <span class='ocrx_word' id='word_1_334' title='bbox 713 4055 785 4102; x_wconf 85' lang='lat' dir='ltr'><strong>mcc</strong></span> <span class='ocrx_word' id='word_1_335' title='bbox 812 4055 882 4102; x_wconf 85' lang='lat' dir='ltr'><strong>cere</strong></span> <span class='ocrx_word' id='word_1_336' title='bbox 913 4041 959 4103; x_wconf 85' lang='lat' dir='ltr'><strong>cet</strong></span> <span class='ocrx_word' id='word_1_337' title='bbox 987 4034 1081 4116; x_wconf 73' lang='lat' dir='ltr'><strong>cun,</strong></span> <span class='ocrx_word' id='word_1_338' title='bbox 1115 4040 1145 4102; x_wconf 87' lang='lat' dir='ltr'><strong>et</strong></span> <span class='ocrx_word' id='word_1_339' title='bbox 1176 4035 1308 4120; x_wconf 66' lang='lat' dir='ltr'><strong>comnis</strong></span> <span class='ocrx_word' id='word_1_340' title='bbox 1340 4053 1428 4101; x_wconf 69' lang='lat' dir='ltr'><strong>nnuc</strong></span> 
     </span>
     <span class='ocr_line' id='line_1_36' title="bbox 219 4137 1427 4221; baseline 0.002 -19"><span class='ocrx_word' id='word_1_341' title='bbox 219 4157 292 4203; x_wconf 85' lang='lat' dir='ltr'><strong>cere</strong></span> <span class='ocrx_word' id='word_1_342' title='bbox 316 4141 361 4203; x_wconf 83' lang='lat' dir='ltr'><strong>cot</strong></span> <span class='ocrx_word' id='word_1_343' title='bbox 380 4140 494 4221; x_wconf 59' lang='lat' dir='ltr'><strong>potem·</strong></span> <span class='ocrx_word' id='word_1_344' title='bbox 524 4141 555 4204; x_wconf 80' lang='lat' dir='ltr'><strong>el</strong></span> <span class='ocrx_word' id='word_1_345' title='bbox 583 4137 643 4220; x_wconf 78' lang='lat' dir='ltr'><strong>qui</strong></span> <span class='ocrx_word' id='word_1_346' title='bbox 672 4139 847 4208; x_wconf 77' lang='lat' dir='ltr'><strong>umndrccot</strong></span> <span class='ocrx_word' id='word_1_347' title='bbox 876 4161 977 4208; x_wconf 70' lang='lat' dir='ltr'><strong>numm</strong></span> <span class='ocrx_word' id='word_1_348' title='bbox 1007 4160 1138 4208; x_wconf 81' lang='lat' dir='ltr'><strong>comem</strong></span> <span class='ocrx_word' id='word_1_349' title='bbox 1163 4145 1194 4208; x_wconf 87' lang='lat' dir='ltr'><strong>ct</strong></span> <span class='ocrx_word' id='word_1_350' title='bbox 1222 4139 1299 4208; x_wconf 77' lang='lat' dir='ltr'><strong>bibit</strong></span> <span class='ocrx_word' id='word_1_351' title='bbox 1322 4159 1427 4208; x_wconf 74' lang='lat' dir='ltr'><strong>moon</strong></span> 
     </span>
     <span class='ocr_line' id='line_1_37' title="bbox 218 4239 1426 4331; baseline 0.003 -25"><span class='ocrx_word' id='word_1_352' title='bbox 218 4239 412 4326; x_wconf 64' lang='lat' dir='ltr'><strong>mysticent</strong></span> <span class='ocrx_word' id='word_1_353' title='bbox 433 4245 488 4308; x_wconf 79' lang='lat' dir='ltr'><strong>etc.</strong></span> <span class='ocrx_word' id='word_1_354' title='bbox 530 4240 615 4307; x_wconf 90' lang='lat' dir='ltr'><strong>Dum</strong></span> <span class='ocrx_word' id='word_1_355' title='bbox 641 4241 724 4308; x_wconf 89' lang='lat' dir='ltr'><strong>enim</strong></span> <span class='ocrx_word' id='word_1_356' title='bbox 750 4265 873 4310; x_wconf 86' lang='lat' dir='ltr'><strong>carnem</strong></span> <span class='ocrx_word' id='word_1_357' title='bbox 899 4267 988 4310; x_wconf 71' lang='lat' dir='ltr'><strong>suram</strong></span> <span class='ocrx_word' id='word_1_358' title='bbox 1015 4246 1047 4310; x_wconf 89' lang='lat' dir='ltr'><strong>et</strong></span> <span class='ocrx_word' id='word_1_359' title='bbox 1070 4245 1253 4331; x_wconf 79' lang='lat' dir='ltr'><strong>sanguinem</strong></span> <span class='ocrx_word' id='word_1_360' title='bbox 1273 4267 1366 4312; x_wconf 75' lang='lat' dir='ltr'><strong>sutum</strong></span> <span class='ocrx_word' id='word_1_361' title='bbox 1387 4243 1426 4310; x_wconf 90' lang='lat' dir='ltr'><strong>sd</strong></span> 
     </span>
     <span class='ocr_line' id='line_1_38' title="bbox 220 4341 1427 4431; baseline 0.002 -25"><span class='ocrx_word' id='word_1_362' title='bbox 220 4341 317 4406; x_wconf 69' lang='lat' dir='ltr'><strong>vitam</strong></span> <span class='ocrx_word' id='word_1_363' title='bbox 337 4345 494 4408; x_wconf 75' lang='lat' dir='ltr'><strong>aeternam</strong></span> <span class='ocrx_word' id='word_1_364' title='bbox 521 4342 700 4410; x_wconf 82' lang='lat' dir='ltr'><strong>manducari</strong></span> <span class='ocrx_word' id='word_1_365' title='bbox 721 4343 805 4424; x_wconf 86' lang='lat' dir='ltr'><strong>dicit,</strong></span> <span class='ocrx_word' id='word_1_366' title='bbox 829 4346 965 4430; x_wconf 88' lang='lat' dir='ltr'><strong>dumque</strong></span> <span class='ocrx_word' id='word_1_367' title='bbox 986 4343 1122 4410; x_wconf 87' lang='lat' dir='ltr'><strong>animam</strong></span> <span class='ocrx_word' id='word_1_368' title='bbox 1147 4368 1236 4411; x_wconf 82' lang='lat' dir='ltr'><strong>mam</strong></span> <span class='ocrx_word' id='word_1_369' title='bbox 1257 4368 1290 4413; x_wconf 87' lang='lat' dir='ltr'><strong>se</strong></span> <span class='ocrx_word' id='word_1_370' title='bbox 1311 4365 1427 4431; x_wconf 85' lang='lat' dir='ltr'><strong>ponere</strong></span> 
     </span>
     <span class='ocr_line' id='line_1_39' title="bbox 220 4433 1426 4532; baseline 0.003 -24"><span class='ocrx_word' id='word_1_371' title='bbox 220 4447 254 4508; x_wconf 89' lang='lat' dir='ltr'><strong>et</strong></span> <span class='ocrx_word' id='word_1_372' title='bbox 273 4463 427 4510; x_wconf 81' lang='lat' dir='ltr'><strong>recnrncrc</strong></span> <span class='ocrx_word' id='word_1_373' title='bbox 447 4433 501 4522; x_wconf 74' lang='lat' dir='ltr'><strong>sil,</strong></span> <span class='ocrx_word' id='word_1_374' title='bbox 520 4448 658 4512; x_wconf 81' lang='lat' dir='ltr'><strong>nostram</strong></span> <span class='ocrx_word' id='word_1_375' title='bbox 678 4444 739 4511; x_wconf 90' lang='lat' dir='ltr'><strong>sibi</strong></span> <span class='ocrx_word' id='word_1_376' title='bbox 760 4445 859 4513; x_wconf 86' lang='lat' dir='ltr'><strong>inesse</strong></span> <span class='ocrx_word' id='word_1_377' title='bbox 879 4453 1023 4514; x_wconf 84' lang='lat' dir='ltr'><strong>naturam</strong></span> <span class='ocrx_word' id='word_1_378' title='bbox 1045 4467 1101 4532; x_wconf 87' lang='lat' dir='ltr'><strong>per</strong></span> <span class='ocrx_word' id='word_1_379' title='bbox 1121 4446 1265 4513; x_wconf 87' lang='lat' dir='ltr'><strong>hobitum</strong></span> <span class='ocrx_word' id='word_1_380' title='bbox 1283 4446 1426 4514; x_wconf 81' lang='lat' dir='ltr'><strong>ostendit</strong></span> 
     </span>
     <span class='ocr_line' id='line_1_40' title="bbox 218 4546 1428 4636; baseline 0 -20"><span class='ocrx_word' id='word_1_381' title='bbox 218 4546 282 4616; x_wconf 84' lang='lat' dir='ltr'><strong>Sed</strong></span> <span class='ocrx_word' id='word_1_382' title='bbox 301 4547 378 4634; x_wconf 89' lang='lat' dir='ltr'><strong>qnid</strong></span> <span class='ocrx_word' id='word_1_383' title='bbox 405 4553 461 4629; x_wconf 83' lang='lat' dir='ltr'><strong>cet,</strong></span> <span class='ocrx_word' id='word_1_384' title='bbox 488 4550 573 4635; x_wconf 89' lang='lat' dir='ltr'><strong>qnod</strong></span> <span class='ocrx_word' id='word_1_385' title='bbox 599 4571 723 4618; x_wconf 84' lang='lat' dir='ltr'><strong>rurum</strong></span> <span class='ocrx_word' id='word_1_386' title='bbox 751 4551 812 4618; x_wconf 81' lang='lat' dir='ltr'><strong>sit:</strong></span> <span class='ocrx_word' id='word_1_387' title='bbox 843 4551 909 4635; x_wconf 80' lang='lat' dir='ltr'><strong>Qui</strong></span> <span class='ocrx_word' id='word_1_388' title='bbox 930 4551 1183 4634; x_wconf 68' lang='lat' dir='ltr'><strong>manducaturo,</strong></span> <span class='ocrx_word' id='word_1_389' title='bbox 1205 4551 1322 4636; x_wconf 74' lang='lat' dir='ltr'><strong>etspce</strong></span> <span class='ocrx_word' id='word_1_390' title='bbox 1342 4552 1428 4618; x_wconf 83' lang='lat' dir='ltr'><strong>oinct</strong></span> 
     </span>
     <span class='ocr_line' id='line_1_41' title="bbox 213 4655 1429 4742; baseline 0 -19"><span class='ocrx_word' id='word_1_391' title='bbox 213 4659 349 4740; x_wconf 78' lang='lat' dir='ltr'><strong>propter</strong></span> <span class='ocrx_word' id='word_1_392' title='bbox 377 4673 440 4738; x_wconf 78' lang='lat' dir='ltr'><strong>crc;</strong></span> <span class='ocrx_word' id='word_1_393' title='bbox 467 4659 515 4720; x_wconf 80' lang='lat' dir='ltr'><strong>et:</strong></span> <span class='ocrx_word' id='word_1_394' title='bbox 543 4655 615 4742; x_wconf 73' lang='lat' dir='ltr'><strong>Epo</strong></span> <span class='ocrx_word' id='word_1_395' title='bbox 642 4677 714 4722; x_wconf 73' lang='lat' dir='ltr'><strong>unm</strong></span> <span class='ocrx_word' id='word_1_396' title='bbox 738 4655 844 4740; x_wconf 79' lang='lat' dir='ltr'><strong>ponis</strong></span> <span class='ocrx_word' id='word_1_397' title='bbox 870 4657 976 4738; x_wconf 72' lang='lat' dir='ltr'><strong>cnunc,</strong></span> <span class='ocrx_word' id='word_1_398' title='bbox 1006 4655 1064 4739; x_wconf 76' lang='lat' dir='ltr'><strong>orci</strong></span> <span class='ocrx_word' id='word_1_399' title='bbox 1091 4657 1129 4725; x_wconf 89' lang='lat' dir='ltr'><strong>de</strong></span> <span class='ocrx_word' id='word_1_400' title='bbox 1157 4656 1239 4724; x_wconf 82' lang='lat' dir='ltr'><strong>coelo</strong></span> <span class='ocrx_word' id='word_1_401' title='bbox 1268 4656 1429 4736; x_wconf 68' lang='lat' dir='ltr'><strong>dommi,-</strong></span> 
     </span>
    </p>
   </div>
   <div class='ocr_carea' id='block_1_3' title="bbox 1362 4793 1369 4963">
    <p class='ocr_par' dir='ltr' id='par_1_4' title="bbox 1362 4793 1369 4963">
     <span class='ocr_line' id='line_1_42' title="bbox 1362 4793 1369 4963; baseline 0 0"><span class='ocrx_word' id='word_1_402' title='bbox 1362 4793 1369 4963; x_wconf 85' lang='lat' dir='ltr'><strong>l</strong></span> 
     </span>
    </p>
   </div>
   <div class='ocr_carea' id='block_1_4' title="bbox 0 0 1510 5300">
    <p class='ocr_par' dir='ltr' id='par_1_5' title="bbox 0 0 1510 5300">
     <span class='ocr_line' id='line_1_43' title="bbox 0 0 1510 5300; baseline 0 0"><span class='ocrx_word' id='word_1_403' title='bbox 0 0 1510 5300; x_wconf 95' lang='lat' dir='ltr'><strong> </strong></span> 
     </span>
    </p>
   </div>
   <div class='ocr_carea' id='block_1_5' title="bbox 1359 4984 1482 5242">
    <p class='ocr_par' dir='ltr' id='par_1_6' title="bbox 1359 4984 1482 5242">
     <span class='ocr_line' id='line_1_44' title="bbox 1359 4984 1482 5242; baseline 0 0"><span class='ocrx_word' id='word_1_404' title='bbox 1359 4984 1482 5242; x_wconf 77' lang='lat' dir='ltr'><strong>l.</strong></span> 
     </span>
    </p>
   </div>
  </div>
 </body>
</html>
