3010 5300
171 451 208 512 68
432 444 618 502 ABNONIS
643 444 1100 502 uurcnuusunuuuuffls

169 635 290 700 quoqne
311 613 376 680 illic
396 617 478 700 spnd
499 621 618 701 petrem
639 639 775 694 monens,
796 620 833 682 ut
852 621 927 682 tuno
949 622 1024 695 erut.
1045 620 1125 682 essct
1145 616 1278 694 iuturus
1298 635 1368 682 oum

168 715 264 800 major
285 717 390 801 potius
418 722 497 784 essct
517 717 561 784 cis
582 739 675 784 cuuss
695 717 847 798 tristitiae
876 705 981 785 taliter
1001 739 1072 783 eum
1101 717 1139 784 cd
1167 723 1286 802 petrem
1316 717 1369 794 irs,

168 838 203 884 co
222 818 309 902 qnod
328 818 373 884 sic
393 819 460 886 iens
480 824 513 887 et
533 821 617 906 ipsos
637 819 790 886 descmrct
816 824 848 886 ct
868 820 993 887 sibimet
1017 820 1077 906 ipsi
1098 841 1161 887 non
1183 820 1388 906 proficerctl·

166 921 263 1006 lgitor
284 922 420 1015 ircfilii
441 925 485 992 od
502 930 631 1010 putrem
651 925 696 989 sic
716 945 773 990 nos
793 929 919 1009 oportet
937 925 1121 1012 intelligere,
1142 931 1178 991 ut
1195 925 1275 992 rstio
1290 947 1367 1011 gou-

166 1022 252 1087 dendi
273 1021 433 1106 discipulis
452 1045 524 1088 eum
538 1023 739 1110 diligentibus
760 1046 826 1090 esse
847 1025 991 1108 potierit
1020 1025 1120 1102 Quem
1143 1047 1202 1111 cgo
1216 1024 1367 1090 rstionem

163 1122 318 1206 meandi
346 1123 390 1188 eis
420 1144 483 1188 uon
512 1124 606 1190 etism
634 1147 700 1190 esse
729 1124 831 1204 rideo,
862 1125 920 1190 nisi
953 1147 1048 1210 quem
1080 1131 1113 1193 ct
1143 1145 1245 1191 sermo
1276 1125 1367 1191 nobis

165 1227 360 1312 svsngelicns
387 1227 480 1294 offert
506 1228 626 1294 dicente
653 1229 801 1296 Domino:
824 1229 911 1311 Quis
929 1234 1027 1314 poter
1048 1230 1153 1312 major
1174 1251 1223 1296 ure
1242 1227 1306 1296 ost!
1330 1235 1367 1294 ut

164 1325 220 1392 hoc
238 1327 284 1392 sit
310 1327 410 1392 lilium
431 1329 471 1394 sd
491 1333 612 1413 putrem
639 1329 684 1394 ire
705 1329 738 1395 in
758 1351 881 1396 omnem
909 1315 1055 1414 pste'rnso
1083 1329 1256 1414 mejestatis
1276 1329 1366 1394 olori·

86 1423 137 1502 (NJ
164 1433 256 1494 hiem
277 1427 434 1514 prolicere.
475 1429 514 1495 In
534 1451 597 1515 quo
625 1433 730 1496 sutem
750 1430 789 1495 sd
810 1433 929 1516 petrem
956 1429 1002 1496 ire
1022 1432 1135 1516 putuit
1162 1431 1222 1498 nisi
1248 1430 1280 1498 iu
1302 1451 1365 1515 quo

99 1529 103 1536 ’
163 1533 246 1612 pube
268 1527 373 1596 minor
391 1529 472 1596 init?
512 1529 549 1596 ln
570 1551 634 1615 quo
660 1531 744 1596 enim
767 1552 890 1616 semper
917 1552 988 1596 cum
1009 1536 1096 1616 petre
1117 1554 1213 1598 unum
1242 1531 1312 1610 fuit.
1332 1531 1365 1596 in

163 1653 199 1696 eo
217 1633 256 1698 sd
277 1635 400 1718 petrem
428 1653 492 1699 nou
512 1631 579 1709 ivit,
605 1633 659 1699 scd
686 1632 731 1699 ibi
757 1631 827 1701 fuit
869 1632 990 1717 loquo
1019 1637 1123 1700 sutem
1145 1638 1233 1720 potrc
1261 1633 1365 1700 minor

163 1733 229 1813 fuir.
247 1734 312 1800 nisi
332 1734 365 1800 in
392 1739 517 1801 nostmo
541 1739 670 1801 noum
696 1757 752 1820 per
772 1735 944 1802 mtivitstis
965 1734 1102 1800 nstivnm
1123 1735 1269 1802 unionem
1290 1757 1364 1802 sune

160 1835 222 1919 jan
243 1837 347 1904 tecue
365 1837 538 1904 substantio
557 1837 661 1918 fltridn
688 1837 822 1916 mortali,
850 1837 980 1916 influus,
1005 1843 1187 1924 nostrosque
1209 1837 1241 1904 in
1262 1861 1296 1904 se
1316 1839 1363 1905 in·

164 1937 324 2006 tirmihtcs
343 1940 456 2025 vcre,†)
478 1939 552 2006 licet
572 1940 749 2007 voluntaris
769 1945 802 2007 ct
822 1961 860 2007 ex
880 1945 1035 2026 potestate
1054 1944 1205 2027 gerente?
1235 1939 1364 2025 Alioqui

164 2039 226 2124 ipsc
245 2041 280 2106 in
301 2041 415 2108 nostis
436 2041 475 2108 ud
495 2046 615 2128 putrem
636 2063 699 2110 non
713 2041 795 2122 inet
815 2041 875 2108 nisi
896 2046 1001 2109 nostru
1018 2040 1086 2127 jum
1106 2065 1162 2108 sun
1183 2063 1240 2128 per
1251 2043 1363 2108 nativi·

164 2143 235 2208 tot‘u
254 2149 401 2209 nstumm
421 2144 505 2210 fecto
525 2145 661 2212 iuisent

257 2243 322 2312 seu
342 2243 396 2310 ubi
425 2247 481 2324 est.
507 2243 561 2324 sis,
589 2249 686 2332 pstor,
714 2247 750 2311 ut
777 2245 968 2312 mensionem
994 2244 1090 2331 putris
1118 2243 1249 2309 scientes
1278 2265 1363 2309 mun·

164 2345 278 2414 sionem
311 2370 437 2433 qnoque
467 2347 524 2416 lilii
556 2347 634 2416 scire
664 2348 842 2416 rolcsmus?
883 2345 966 2416 Nolo
996 2371 1015 2415 s
1042 2370 1093 2415 nro
1124 2369 1255 2433 quoerns
1287 2348 1364 2416 hoc:

164 2471 252 2536 supro
271 2472 325 2517 me
344 2457 378 2517 ct
404 2474 497 2537 super
517 2473 641 2518 omnem
667 2452 860 2520 intellectum
888 2451 1017 2518 suentis
1044 2451 1104 2518 iste
1129 2455 1184 2518 est.
1226 2451 1316 2529 Quod
1337 2450 1364 2516 si

165 2557 237 2624 milri
267 2578 334 2624 non
364 2557 471 2637 credis,
502 2559 592 2625 nerle
623 2559 683 2644 ipsi
714 2558 780 2625 lilio
812 2557 942 2625 dicenti:
973 2558 1137 2640 Quoniam
1158 2577 1251 2624 nuno
1272 2561 1364 2625 uouit

164 2661 273 2745 filium,
296 2663 367 2730 usti
386 2667 498 2748 poter;
522 2671 553 2732 ct
577 2685 671 2733 nemo
697 2665 792 2732 uouit
810 2670 940 2750 putrem
965 2663 1035 2732 ursi
1054 2663 1154 2747 filices,
1181 2668 1211 2730 et
1238 2663 1290 2731 cui
1311 2685 1363 2730 oo·

166 2767 259 2836 luserit
282 2769 375 2856 filius
399 2769 547 2838 reustum.
590 2770 801 2838 ltevelstionis
828 2771 934 2855 itsque
964 2769 1086 2836 divinoe
1112 2763 1186 2835 hoc
1201 2791 1281 2856 opus
1308 2776 1365 2849 est,

165 2890 223 2936 uon
238 2871 407 2948 hnmsnse3
427 2871 482 2938 sod
501 2893 560 2938 nec
580 2871 776 2960 evangelicoe
795 2872 955 2940 facultatis
976 2876 1030 2939 sut
1050 2871 1284 2959 intelligentiae.
1316 2871 1364 2938 Dc

164 2992 281 3040 misum
309 2973 487 3058 quaerendo
514 2978 561 3041 cst
588 2975 649 3042 ists
675 2975 817 3055 cucutia,
845 2997 908 3042 non
936 2997 956 3041 s
982 2975 1132 3062 magistro
1159 2973 1286 3041 homine
1314 2974 1365 3040 vel

164 3077 271 3162 angelo
301 3077 480 3161 expetendo
527 3075 589 3144 seu
616 3077 677 3142 hoo
703 3078 805 3144 solum
834 3078 872 3142 de
901 3077 1000 3163 putris
1028 3077 1148 3161 filiique
1176 3098 1247 3142 cum
1275 3081 1365 3160 putre

164 3177 320 3246 musione
350 3177 451 3246 dicere
481 3201 657 3265 possiumus,
687 3181 770 3266 quod
802 3179 841 3246 nb
870 3179 996 3246 oroonlo
1026 3179 1190 3266 apostolici
1221 3178 1365 3265 pectoris,

165 3283 259 3356 Psulo
279 3286 410 3366 licente,
429 3285 629 3373 percupimus,
650 3287 808 3373 qecouiom
823 3285 989 3356 inhabitat
1004 3285 1104 3355 liccem
1119 3285 1365 3356 inaccessibilem
1438 3271 1442 3279 ’

161 3397 267 3478 putem·
297 3415 389 3481 precio
418 3393 535 3462 ussurus
562 3393 729 3462 muniam
757 3393 839 3462 cidit
866 3415 924 3462 uec
952 3393 1059 3461 videre
1084 3397 1198 3480 potest.
1241 3394 1286 3461 Et
1311 3392 1365 3458 ubi

163 3500 254 3579 peter,
271 3496 319 3564 ni
338 3501 371 3564 et
390 3496 486 3576 filiun
506 3519 563 3564 nec
584 3497 729 3565 dimidius
749 3497 794 3564 ibi
816 3501 871 3578 est
891 3497 943 3564 sed
965 3499 1060 3563 totus.

258 3608 461 3696 Progreditcu
481 3610 586 3674 sutem
606 3609 772 3694 inquisitor
785 3609 932 3688 curiosus,
954 3612 986 3674 ct
1006 3608 1093 3674 dicit:
1114 3607 1179 3676 Ubi
1194 3607 1294 3695 cett-t)
1309 3608 1363 3674 lux

164 3707 234 3775 ills?
253 3715 319 3790 ont,
338 3709 410 3795 quis
429 3710 516 3776 locus
537 3709 624 3795 ejus?
651 3715 707 3778 cut
726 3715 817 3790 corto,
843 3709 945 3796 qunlis
966 3714 1015 3776 cst
1033 3709 1091 3777 illu
1110 3709 1187 3775 lux?
1207 3709 1270 3775 luci
1292 3709 1365 3774 huic

163 3815 300 3880 mse
327 3817 360 3880 et
386 3810 541 3878 materiali
570 3811 680 3880 similis
708 3835 747 3880 uu
776 3811 952 3879 dissimilis?
971 3849 1014 3861 —
1042 3811 1087 3878 llt
1114 3811 1175 3877 iste
1203 3809 1363 3896 inquisitio

163 3934 254 4000 supro
273 3935 325 3981 me
344 3920 404 3993 est;
431 3935 489 3980 nec
516 3914 610 3999 huius
631 3913 779 4000 temporis
799 3913 859 3980 istu
879 3911 1000 3994 notitin
1027 3913 1081 3980 sed
1102 3914 1225 3979 iutrrrsc
1245 3912 1364 3999 glorius

165 4019 217 4095 cst
235 4037 327 4101 quse,
352 4023 390 4084 ut
410 4016 570 4103 spostolus
597 4015 651 4096 uit,
678 4015 867 4082 ruvelnbitur
893 4015 926 4080 in
947 4015 1044 4082 nobis
1086 4016 1172 4082 Nolo
1194 4037 1365 4101 qunoruss

164 4137 219 4198 mc
245 4118 302 4186 scd
326 4119 368 4185 'sb
392 4117 449 4186 illo
469 4118 575 4204 potius
595 4121 774 4204 expetuset
802 4121 961 4204 exspectes
982 4139 1052 4184 oum
1081 4115 1240 4204 pst'entin,
1261 4141 1280 4184 n
1300 4137 1363 4202 quo

165 4221 228 4287 solo
248 4221 414 4288 melmun
435 4226 483 4287 est
502 4221 537 4286 in
556 4219 654 4287 uubis

259 4321 345 4389 Nun
370 4321 533 4403 sidixcru,
561 4322 709 4407 quonium
739 4321 794 4388 lux
815 4323 871 4390 ills
891 4321 925 4388 in
946 4323 1039 4390 tertio
1067 4322 1153 4388 coelo
1174 4326 1230 4401 est,
1251 4321 1364 4389 iterum

166 4421 316 4504 pustsbit
341 4421 477 4488 curiosus
505 4422 686 4507 inquisitor:
716 4421 854 4490 Ubinam
881 4423 1008 4490 tertium
1040 4423 1117 4490 illud
1149 4424 1278 4503 coelum,
1310 4425 1365 4488 sut

167 4547 364 4562 ψ

261 4608 812 4681 fluuium-muctam.
