3010 5300
52 241 56 314 i
477 307 811 388 aeonocnrrcus.
1203 337 1241 396 11

52 508 76 584 et
96 502 161 585 filio
181 503 280 568 uitam
312 501 423 569 ludere
447 503 486 570 ie
516 508 609 570 cenet
641 505 716 587 ipso.
758 501 870 586 Neque
896 523 969 568 vero
990 501 1080 587 quasi
1106 506 1169 568 tres
1197 503 1244 570 lu·

52 625 151 690 pernae
187 608 243 667 aut
270 601 331 668 tria
358 601 476 667 lumina
503 603 543 668 ab
573 603 704 668 invicem
732 601 879 668 distantia
904 602 1115 687 trinitatem)
1144 601 1245 669 Deum

52 703 185 802 polimus,
205 703 258 768 sed
279 725 373 768 unam
393 725 497 768 veram
518 702 628 781 lucem,
650 727 669 768 a
688 707 786 768 semet
805 703 874 787 ipsa
893 703 1056 780 lucentem,
1073 702 1245 768 trinitatem

52 807 185 869 sanctam
206 804 376 872 adoramus.
417 805 461 871 Et
486 805 579 889 hujus
604 805 681 870 lucis
705 810 816 872 natura
840 805 917 870 adeo
945 824 1068 869 omnem
1088 804 1246 890 angelicae

52 912 79 971 et
99 907 252 972 humanae
276 911 406 973 naturae
430 908 532 974 lucem
556 912 691 974 creatum
715 904 941 992 superexcellit,
968 913 1012 984 ut,
1032 905 1116 990 quod
1141 903 1174 970 in
1202 903 1246 971 eis
1279 899 1348 984 (11)

52 1009 138 1087 lucet,
150 1007 251 1092 nujus
264 1009 496 1094 comparatione
517 1009 603 1089 lucis,
617 1010 705 1095 quasi
719 1009 921 1076 clarificatum
934 1029 998 1074 non
1016 1007 1070 1084 sit3
1091 1009 1246 1093 quomodo

52 1111 112 1176 sole
133 1110 251 1177 oriente
272 1132 379 1177 omnes
399 1112 501 1178 solent
520 1113 629 1176 stellae
643 1111 805 1196 disparere.
838 1111 930 1178 Unde
951 1115 1012 1176 tres
1033 1109 1246 1194 illi'discipuli,
1276 1121 1279 1130 '

52 1212 183 1277 Domino
203 1211 237 1277 in
256 1215 362 1278 monte
375 1213 552 1293 clarificato,
566 1235 637 1280 eum
651 1214 691 1280 ad
711 1235 744 1278 se
757 1211 915 1289 redissent,
928 1211 1082 1277 neminem
1095 1211 1246 1290 uiderunt,

52 1311 106 1377 cisi
126 1313 228 1378 solum
240 1313 354 1404 Jesum.
390 1313 449 1379 Ille
469 1315 560 1392 enim,
581 1315 656 1399 quia
675 1315 760 1380 aolus
779 1313 901 1379 videtur
920 1312 954 1378 in
974 1312 1125 1392 omnibm,
1146 1333 1245 1398 aquo

52 1414 186 1479 omnium
207 1417 255 1478 est
273 1414 346 1492 uita,
366 1415 473 1480 lumen
494 1418 526 1480 ct
546 1415 637 1482 salus.
672 1415 807 1480 Etcum
828 1412 961 1498 amplius
982 1413 1086 1480 divina
1105 1413 1247 1479 humanis
1272 1407 1296 1471 s

52 1513 299 1596 superexcellant,
321 1534 415 1596 quam
435 1513 462 1578 si
488 1514 593 1598 angeli
615 1515 829 1580 excellentiam
853 1512 993 1578 conferas
1013 1535 1084 1578 cum
1105 1513 1247 1580 extremi·

52 1613 112 1672 tate
132 1608 308 1673 vermiculi:
336 1609 451 1673 etenim
480 1613 609 1695 angelus
637 1611 838 1674 vermiculum
868 1632 906 1674 ex
933 1611 1032 1674 nihilo
1060 1631 1163 1674 creare
1189 1611 1247 1674 im·

52 1712 158 1794 potens
179 1711 234 1788 est,
247 1709 332 1775 Deus
353 1713 458 1775 autem
476 1710 630 1797 angelum,
651 1709 744 1776 simul
765 1712 797 1775 et
813 1707 927 1790 omnia,
944 1730 1024 1794 quae
1044 1713 1125 1786 sunt,
1145 1729 1248 1774 creare
1296 1771 1297 1775 ,
1386 1777 1389 1785 Δ

52 1811 151 1899 potuit
179 1835 216 1880 cx
244 1811 358 1880 nihilo:
389 1816 426 1880 ut
453 1817 558 1882 tamen
586 1812 626 1881 od
652 1811 751 1894 illam,
783 1834 877 1900 quam
907 1811 1049 1894 diximus,
1078 1809 1248 1880 divinitatis

52 1916 353 2003 superexcellentiam
377 1915 497 1984 homini
525 1939 581 2003 per
600 1917 810 1984 humilitatem
837 1937 974 1984 aooemm
1002 1921 1057 1997 est,
1083 1920 1249 2002 humoque

52 2018 249 2086 excellentiae
270 2019 310 2085 ad
335 2019 472 2086 humana
500 2041 534 2086 se
555 2019 717 2088 humiliare
738 2041 796 2086 nec
815 2019 990 2086 innaturale
1010 2039 1067 2086 nec
1087 2017 1249 2107 indignum

52 2127 103 2202 est,
124 2123 188 2188 imo
211 2141 283 2188 vero
305 2121 365 2188 soli
385 2123 463 2201 Deo,
482 2143 607 2188 manere
627 2122 710 2207 quod
731 2125 778 2188 est
799 2127 830 2188 et
850 2122 975 2208 insuper
995 2121 1063 2188 lieri
1082 2143 1172 2206 posse
1191 2121 1248 2188 ho·

52 2225 171 2314 minem,
192 2225 333 2290 naturale
354 2227 409 2292 est
443 2223 555 2310 Neque
576 2223 659 2291 enim
679 2225 730 2290 vel
751 2225 879 2312 angelus
899 2225 1035 2291 humana
1054 2223 1157 2290 anima
1177 2223 1248 2290 sub

52 2327 135 2403 tilicr
155 2331 210 2408 est,
230 2331 267 2394 ut
287 2326 316 2395 ei
334 2327 483 2415 capabilia
502 2349 567 2394 esse
581 2328 693 2408 ualeat,
714 2325 819 2414 sicque
840 2348 878 2395 ex
898 2349 1049 2395 concursu
1068 2331 1249 2394 naturamm

52 2454 111 2498 una
138 2452 208 2498 curn
234 2430 360 2498 homine
387 2453 519 2519 persona
543 2431 624 2508 fieri;
652 2432 808 2517 quomodo
835 2453 872 2498 ex
892 2452 1042 2499 concursu
1061 2431 1183 2498 animae
1201 2453 1249 2498 ra·

52 2535 174 2601 tionalis
202 2537 235 2600 et
265 2534 421 2601 humanae
450 2535 550 2600 carnis
580 2534 676 2602 homo
704 2535 852 2603 nrbsistit
893 2534 978 2602 Nam
1004 2533 1102 2602 solius
1129 2533 1250 2601 divinae

52 2640 177 2703 naturae
197 2636 364 2704 subtilitati
385 2637 445 2704 hcc
465 2637 624 2723 proprium
647 2641 701 2716 est,
722 2641 766 2717 ut,
787 2639 1044 2723 quemadmodum
1065 2637 1170 2704 anima
1182 2659 1250 2704 cor·

52 2737 143 2823 poris,
163 2739 210 2805 ita
222 2738 307 2804 Deus
328 2739 449 2805 animae
470 2739 626 2825 capabilis,
648 2743 687 2820 et,
707 2762 796 2807 verse
815 2741 890 2820 uice,
911 2739 979 2826 ipsa
1000 2740 1067 2825 ejus
1088 2739 1250 2824 capessit

52 2840 162 2926 Sicque
191 2863 229 2907 ex
257 2841 376 2906 duabus
404 2845 436 2908 et
463 2842 496 2907 in
523 2843 642 2908 duabus
669 2843 797 2922 nataris,
825 2843 987 2910 diunitute
1013 2841 1130 2908 scilieet
1157 2843 1251 2927 atque

52 2943 249 3022 humanitate,
277 2943 376 3010 tribus
403 2965 477 3011 vcro
506 2945 654 3024 meatim,
681 2944 825 3010 videlicet
849 2943 954 3010 Verbo
976 2944 1044 3024 Dei,
1071 2944 1174 3010 anima
1199 2965 1250 3008 ra·
1305 3017 1310 3024 .

52 3047 168 3127 tionali,
189 3052 221 3113 et
240 3047 376 3113 humana
397 3069 496 3127 carne,
524 3045 637 3113 Christi
658 3067 790 3131 persona
810 3045 958 3126 subsistit,
986 3046 1084 3114 tribus
1105 3044 1251 3112 nimirum

52 3151 188 3217 assentiis
210 3173 263 3216 seu
284 3150 404 3216 duabus
424 3149 544 3216 naturis
564 3150 746 3216 naturaliter
770 3150 804 3216 in
824 3173 918 3217 unam
940 3171 1104 3235 personam
1125 3171 1251 3216 concon

52 3253 194 3320 rentibus.
231 3252 306 3320 Non
327 3252 410 3338 quod
431 3275 512 3320 noua
532 3274 664 3337 persona
683 3276 721 3320 ex
742 3275 892 3319 concursu
912 3256 1092 3318 naturarum
1112 3249 1251 3318 Christe

52 3379 114 3424 esse
135 3355 283 3440 coeperis
313 3355 390 3440 quin
414 3354 517 3439 potius
539 3354 678 3421 Verbum
698 3355 759 3422 Dei
785 3355 819 3420 in
839 3377 912 3421 suae
933 3354 1162 3438 personalitatis
1182 3353 1251 3420 uni·

52 3463 144 3525 tatem
173 3457 206 3522 in
233 3457 384 3523 naturalis
415 3455 575 3522 filiationis
601 3457 662 3522 Dei
690 3457 840 3523 honorem
869 3456 1028 3522 hominem
1055 3455 1116 3521 sibi
1143 3455 1251 3525 univit

52 3561 199 3649 Alioquin
220 3561 247 3628 ei
266 3583 329 3628 non
349 3561 383 3628 in
403 3559 554 3628 natauclis
574 3558 733 3627 filiationis
753 3559 904 3626 honorem
929 3562 962 3625 ct
982 3555 1134 3624 unitatm
1154 3557 1250 3625 homo

66 3670 224 3750 asumptus
245 3670 332 3747 esset,
360 3666 421 3745 sed,
449 3663 708 3750 quemadmodum
735 3663 831 3743 aiunt,
857 3683 913 3748 per
939 3661 1074 3750 gratiam
1100 3661 1199 3728 solnm
1219 3663 1252 3727 et

69 3792 103 3836 er
123 3767 323 3856 adoptionem
342 3770 392 3837 vel
412 3790 468 3854 per
488 3767 637 3834 unionem
656 3788 711 3832 seu
732 3765 874 3832 habitum
892 3765 1088 3850 conjunctus:
1106 3761 1174 3849 jam
1187 3785 1252 3829 non

90 3894 135 3950 us,
153 3873 215 3950 sed,
232 3871 324 3955 juxta
337 3871 526 3948 Nestorium,
545 3871 606 3936 duo
627 3868 685 3934 filii
706 3872 815 3948 essent,
835 3890 915 3934 unus
929 3866 1073 3934 videlicet
1091 3865 1252 3945 naturalis,

78 3973 127 4038 ius
155 3993 212 4056 per
239 3972 416 4056 adoptionis
447 3969 581 4058 gretiam
609 3974 642 4034 et
671 3990 728 4052 per
759 3968 906 4034 unionem
936 3968 1091 4053 quandam
1117 3967 1252 4032 natarali
1326 4053 1328 4058 Ι

52 4045 238 4162 taureas
280 4072 342 4142 ssu
363 4073 445 4140 abac
464 4071 526 4138 hoo
546 4093 565 4138 a
585 4070 723 4138 suanum
744 4069 895 4151 eruens
915 4073 953 4136 ur
973 4069 1018 4136 ie
1039 4067 1197 4137 onnam
1218 4066 1252 4134 n

52 4173 125 4246 duos
145 4178 227 4246 filios
248 4177 395 4256 dividant,
414 4175 673 4262 quemadmodum
693 4172 727 4239 in
748 4171 908 4258 enjusdam
927 4171 1034 4261 magni
1054 4175 1087 4239 et
1099 4169 1252 4239 nominati

52 4279 191 4373 magistri
217 4283 330 4371 glossis
358 4283 499 4370 legimus
549 4278 610 4359 Qui
645 4279 788 4366 glossans
820 4279 899 4346 illud
927 4278 1078 4366 apostoli:
1119 4278 1253 4364 Propter

52 4423 248 4436 ψ

146 4505 173 4576 τ)
190 4503 260 4560 haec
276 4519 330 4559 vor
346 4507 437 4561 errato
455 4519 489 4559 ex
505 4461 681 4572 sequenttne
698 4503 808 4572 sumpta
823 4497 933 4555 ridetur
949 4516 1016 4557 esse.

52 4711 77 4840 l.
