3010 5300
26 395 31 526 ¹¹
474 371 808 480 uronoonmoos.
1165 441 1178 488 .·
1204 433 1241 492 rr

41 574 214 640 eccidit-
234 573 268 638 in
288 573 390 640 Deum
415 573 498 640 euim
522 575 691 642 accidentia
714 598 778 643 nou
807 577 921 643 cadunt
940 599 996 654 —3
1016 577 1149 643 secundo
1170 577 1244 672 qnia
1278 577 1360 660 (17)

39 675 124 740 Deus
153 675 337 740 naturaliter
366 673 480 754 bouum
510 675 574 741 imo
606 675 674 760 ipsa
704 677 829 744 bonitas
861 683 916 744 est
970 677 1064 762 Gusjm
1095 679 1244 744 bonitatis

17 775 248 910 ‘manifestatio
269 797 390 842 summa
410 780 458 842 est
476 775 552 862 ipsa
572 776 610 842 de
630 799 693 862 qua
711 778 877 864 loquimur,
902 783 1030 864 propter
1050 779 1243 845 liberandum

38 876 197 942 hominem
217 899 291 944 ause
312 877 463 943 exhibitio
484 877 694 945 humanitatis
1300 930 1304 936 .

36 1013 38 1018 v
138 979 185 1047 Ut
205 983 308 1045 autem
329 984 362 1045 et
390 1002 428 1045 ex
455 979 615 1066 seripturis
641 979 717 1046 haec
745 983 853 1046 nostra
879 979 1006 1046 asserh'o
1027 979 1240 1048 testimonium

38 1080 159 1161 habeat,
189 1103 252 1148 non
280 1102 392 1147 novam
417 1081 485 1147 Deo
510 1085 583 1166 post
602 1085 764 1167 peecatum
789 1080 924 1150 hominis
949 1082 1029 1150 hanc
1049 1083 1241 1150 voluntatem

18 1183 186 1274 iincidisse,
212 1189 249 1250 ut
275 1184 370 1250 homo
399 1184 494 1262 fieret
522 1184 681 1250 audiamus
706 1183 807 1270 ipsam
835 1184 873 1250 de
899 1206 932 1250 re
952 1184 1142 1269 Sapientiam
1169 1206 1240 1270 pro·

36 1289 209 1354 testantem.
250 1285 329 1370 Ejus
350 1285 433 1352 enim
453 1307 515 1352 vox
535 1285 617 1372 apud
637 1285 834 1353 Salomonem
854 1285 887 1352 in
901 1283 1064 1353 Parabolis
1083 1286 1162 1353 hseo
1180 1291 1239 1354 eat:

15 1389 202 1461 {Domino
220 1391 358 1478 possedit
379 1415 428 1460 me
448 1392 488 1461 in
508 1391 605 1461 lollio
626 1392 755 1460 mhmm
775 1411 920 1476 neonus,
947 1396 1121 1478 aohqrcam
1147 1392 1238 1480 quid·

14 1493 135 1586 lquam
154 1497 272 1584 suomet
294 1519 315 1568 a
336 1498 507 1586 principio
528 1503 583 1568 elo
610 1519 724 1584 usque:
756 1519 827 1568 nem
852 1520 887 1567 eo
913 1509 1001 1568 cram
1022 1504 1137 1568 mecla
1159 1520 1237 1568 coos

14 1603 18 1666 l
30 1625 174 1690 ponem,
200 1609 231 1672 el
256 1605 431 1674 ddeclolor
454 1625 517 1692 per
540 1605 687 1693 stapulas
716 1605 783 1672 dies
809 1603 922 1676 ludere
949 1625 1057 1674 corum
1086 1627 1122 1674 eo
1148 1604 1238 1674 muni

14 1673 187 1830 inrepere,
214 1709 328 1780 tudem
357 1711 396 1781 ln
423 1711 496 1780 orte
522 1716 702 1796 terrosum
733 1714 764 1778 el
789 1709 924 1780 deliciae
947 1731 1048 1794 moe,
1074 1733 1139 1780 ecee
1166 1733 1237 1780 orm

32 1816 112 1902 filiis
144 1817 321 1888 homiuum.
369 1817 451 1888 Eone
476 1817 624 1886 hebemus
649 1817 825 1906 Sapientiae
849 1817 957 1886 ludum
976 1839 1080 1884 coram
1099 1817 1168 1886 Deo
1188 1817 1236 1886 lu·
1380 1867 1385 1874 .

13 1845 133 1998 identis
153 1921 274 2008 nhique
294 1922 327 1989 in
348 1921 493 2009 operibm
519 1945 573 1990 sex
598 1922 718 1990 dierum
738 1920 966 2008 complacentie,
992 1921 1143 1988 maximas
1162 1942 1235 1988 vem

13 2001 157 2091 idolicias
178 2023 328 2105 habentis,
349 2047 415 2092 esse
434 2045 505 2092 cum
525 2024 598 2091 filiis
623 2024 794 2104 hommum,
819 2023 904 2092 nasci
924 2023 1085 2104 umanum
1112 2028 1144 2090 et
1163 2044 1234 2091 eum

31 2126 157 2193 homine
177 2125 358 2194 conversari.
401 2126 479 2194 cum
506 2127 589 2193 enim
614 2127 725 2215 diligat
748 2127 833 2193 Deus
858 2126 962 2193 omnia
989 2147 1083 2212 opero
1107 2147 1171 2206 sua
1202 2130 1262 2200 et,

30 2227 163 2296 laetetur
189 2227 223 2295 in
250 2229 303 2310 eis,
333 2229 474 2315 nihilque
503 2251 609 2295 eorum
638 2230 723 2296 odiat
751 2251 830 2316 quae
859 2228 941 2307 fecit
971 2227 1105 2312 majores
1130 2233 1233 2294 tumen

30 2330 125 2398 habet
137 2331 271 2411 delicias,
292 2353 358 2398 esse
371 2353 442 2398 cum
464 2329 516 2411 eis,
536 2352 615 2416 quos
635 2332 675 2399 ad
687 2332 855 2418 imaginem
876 2352 963 2397 suam
978 2329 1100 2409 creavit,
1114 2330 1232 2418 angelis

12 2431 172 2500 *videlicet
193 2438 289 2519 atque
312 2431 497 2500 hominibus.
539 2435 584 2499 At
609 2456 681 2502 vem
701 2434 858 2522 singulare
877 2431 1076 2518 privilegium
1096 2431 1157 2498 hoc
1176 2432 1232 2498 ho-

29 2534 163 2601 minibus
188 2535 336 2602 collatum
361 2540 416 2616 est,
440 2538 526 2622 quod
553 2535 620 2622 ipsa
639 2537 698 2603 Dei
727 2535 886 2621 sapientia
914 2534 994 2600 sicut
1014 2532 1156 2600 deliciata
1177 2539 1231 2614 est

12 2635 68 2702 ’ab
89 2640 214 2704 aeterno
235 2639 330 2705 homo
351 2638 419 2704 fieri
439 2638 567 2726 dignata
587 2643 641 2708 est
683 2637 846 2724 Nusquam
871 2636 953 2704 enim
974 2634 1102 2723 angelos
1122 2656 1230 2722 appre-

28 2738 147 2816 hendit;
167 2741 222 2806 sed
245 2763 350 2808 semen
369 2741 516 2808 Abrahae
537 2741 748 2828 apprehendit
790 2740 897 2826 thue
922 2739 1022 2828 magis
1047 2741 1230 2823 noverimus,
1354 2753 1372 2790 κ’

27 2841 194 2926 sapientiae
208 2843 267 2908 Dei
288 2843 392 2910 drdcee
413 2865 478 2910 esse
499 2843 632 2922 deliciae,
653 2865 719 2910 esse
739 2842 897 2909 hominem
918 2847 1044 2928 propter
1063 2843 1230 2922 hominem,

27 2945 94 3029 ipsa
113 2946 271 3014 incarnata
288 2947 349 3014 hoo
368 2947 450 3014 idem
465 2949 503 3016 de
524 2972 557 3016 se
578 2948 735 3016 testifiom
756 2939 922 3036 dedignata
941 2969 1006 3014 non
1027 2952 1081 3016 est
1124 2949 1227 3033 Meter,

26 3049 135 3138 iuquit,
168 3053 256 3122 cilee
281 3057 337 3138 est,
370 3059 408 3122 ul
433 3052 555 3139 focium
585 3055 784 3125 voluntalem
809 3053 888 3141 ejus,
915 3053 974 3140 qui
995 3075 1044 3121 me
1069 3055 1173 3138 mieil,
1199 3059 1228 3124 el

11 3157 303 3330 tdftlmlt
322 3182 427 3349 plu
457 3160 1228 3350 ltthltttttlwttfflt

45 3361 98 3446 ‘us
119 3368 156 3430 ut
176 3365 271 3431 homo
292 3387 364 3432 cum
384 3365 563 3433 hominibus
576 3369 817 3446 conversaretur,
837 3368 964 3450 propter
984 3385 1062 3448 opus
1075 3365 1136 3433 Dei
1154 3388 1226 3433 eon·

11 3492 28 3600 q
41 3549 44 3558 ¹
58 3466 238 3538 «amandum
268 3465 301 3532 in
330 3466 427 3535 nohis.
469 3467 554 3546 Quae
579 3474 627 3536 est
657 3474 762 3536 autem
786 3466 939 3544 voluntas,
970 3469 1025 3532 aut
1049 3488 1128 3553 quae
1153 3472 1227 3535 sunt

26 3567 149 3672 qqliciae
175 3569 273 3654 patris
298 3591 334 3636 ac
360 3569 426 3648 filii.
452 3569 512 3636 nisi
540 3571 664 3638 bonitas
688 3571 834 3657 ipsomm,
859 3567 985 3652 spiritus
1010 3567 1129 3636 scilieet
1152 3590 1225 3636 con·

11 3677 31 3730 2⁸.
62 3671 170 3737 trualis
195 3670 377 3737 ambonem?
418 3671 528 3757 Itaque
556 3673 637 3739 sicut
666 3671 808 3738 naouale
834 3668 895 3735 luit
917 3668 1038 3736 homini
1063 3691 1100 3736 ex
1125 3671 1225 3756 prima
1317 3713 1325 3732 .

11 3767 28 3905 ql
59 3771 205 3839 nditionis
225 3795 298 3839 suae
319 3772 447 3860 origine,
467 3774 536 3840 Deo
551 3773 755 3860 personaliter
768 3791 858 3858 posse
879 3769 961 3835 uniri
982 3791 1019 3836 ac
1031 3771 1133 3837 Deum
1147 3770 1224 3852 fieri,

25 3911 32 3964 1
84 3895 218 3958 quoquo,
237 3873 301 3941 imo
321 3874 412 3940 valde
434 3873 641 3955 excellentius,
663 3873 757 3941 etiam
776 3874 844 3939 Deo
866 3870 906 3936 ab
927 3875 1052 3939 aeterno
1072 3873 1223 3940 naturalis

11 4010 18 4052 1
73 3973 122 4040 ‘tit
142 3978 174 4040 et
193 3975 326 4053 bouitas,
351 3997 414 4059 qna
438 3974 471 4040 id
491 3975 596 4054 vellet,
622 3980 654 4041 et
678 3970 827 4040 mendac
852 3971 1017 4051 subtilitas,
1037 3995 1100 4058 qua
1120 3978 1223 4058 pomet

42 4093 112 4138 omo
129 4073 197 4139 fieri
218 4077 251 4138 et
271 4095 342 4138 cum
362 4067 540 4140 hominihus
560 4073 742 4141 conversari.
774 4071 866 4138 Nulli
886 4094 960 4139 vero
982 4072 1044 4138 hoc
1064 4095 1102 4138 ex
1122 4073 1221 4139 trihus

11 4161 15 4169 ’
38 4172 156 4243 emonis
177 4173 375 4258 competebat
394 4175 556 4262 unigenito
577 4176 646 4242 solo
675 4176 813 4258 excepte,
837 4194 877 4238 ne
897 4173 948 4238 rel
976 4177 1066 4258 pater
1089 4173 1221 4262 ingeniti

29 4297 128 4351 omen
157 4273 322 4354 amitteret,
350 4275 401 4342 vel
432 4276 494 4344 duo
526 4277 585 4370 filii
611 4276 647 4343 in
674 4275 814 4342 trinitate
845 4277 954 4354 essent
996 4274 1115 4359 Itaque,
1135 4275 1220 4360 quod
1437 4363 1441 4368 .

36 4389 116 4464 lum
136 4381 340 4465 competebat,
361 4381 507 4467 quodque
527 4386 652 4450 nostrae
672 4379 782 4448 salutis
801 4369 957 4464 poscebat
968 4379 1058 4460 ratio,
1088 4379 1220 4448 Vectem
1253 4389 1320 4472 (18)

11 4497 93 4588 ,ro
110 4483 234 4570 saelum
255 4490 310 4570 erl,
332 4491 363 4554 el
382 4485 543 4557 habitauit
563 4487 602 4557 io
623 4485 727 4557 nolle.

113 4585 282 4655 Videamus
302 4587 405 4669 eham,
430 4611 494 4675 qm
516 4589 568 4657 via
587 4590 628 4658 ad
652 4609 710 4657 nos
734 4585 862 4654 venerit
908 4583 984 4652 Non
1011 4606 1095 4740 enqm
1113 4581 1217 4653 sabito
