<?xml version="1.0" encoding="UTF-8"?>
<!DOCTYPE html PUBLIC "-//W3C//DTD XHTML 1.0 Transitional//EN"
    "http://www.w3.org/TR/xhtml1/DTD/xhtml1-transitional.dtd">
<html xmlns="http://www.w3.org/1999/xhtml" xml:lang="en" lang="en">
 <head>
  <title>
</title>
<meta http-equiv="Content-Type" content="text/html;charset=utf-8" />
  <meta name='ocr-system' content='tesseract 3.04.00' />
  <meta name='ocr-capabilities' content='ocr_page ocr_carea ocr_par ocr_line ocrx_word'/>
</head>
<body>
  <div class='ocr_page' id='page_1' title='image "arnonisreichers00arnogoog_0032.png"; bbox 0 0 3010 5300; ppageno 0'>
   <div class='ocr_carea' id='block_1_1' title="bbox 273 473 1209 548">
    <p class='ocr_par' dir='ltr' id='par_1_1' title="bbox 273 473 1209 548">
     <span class='ocr_line' id='line_1_1' title="bbox 273 473 1209 548; baseline -0.003 -13"><span class='ocrx_word' id='word_1_1' title='bbox 273 487 316 548; x_wconf 68' lang='lat'>14</span> <span class='ocrx_word' id='word_1_2' title='bbox 542 475 729 535; x_wconf 66' lang='lat' dir='ltr'>Assorus</span> <span class='ocrx_word' id='word_1_3' title='bbox 754 473 1209 534; x_wconf 72' lang='lat' dir='ltr'>emonensrneunusls</span> 
     </span>
    </p>
   </div>
   <div class='ocr_carea' id='block_1_2' title="bbox 142 645 1486 4506">
    <p class='ocr_par' dir='ltr' id='par_1_2' title="bbox 142 645 1486 4506">
     <span class='ocr_line' id='line_1_2' title="bbox 271 645 1477 736; baseline -0.011 -19"><span class='ocrx_word' id='word_1_4' title='bbox 271 651 376 718; x_wconf 81' lang='lat' dir='ltr'>tilium</span> <span class='ocrx_word' id='word_1_5' title='bbox 404 671 469 716; x_wconf 88' lang='lat' dir='ltr'>non</span> <span class='ocrx_word' id='word_1_6' title='bbox 497 672 564 715; x_wconf 86' lang='lat' dir='ltr'>esse</span> <span class='ocrx_word' id='word_1_7' title='bbox 593 649 685 716; x_wconf 69' lang='lat' dir='ltr'>aliter</span> <span class='ocrx_word' id='word_1_8' title='bbox 715 671 809 736; x_wconf 80' lang='lat' dir='ltr'>quem</span> <span class='ocrx_word' id='word_1_9' title='bbox 840 671 937 714; x_wconf 89' lang='lat' dir='ltr'>unum</span> <span class='ocrx_word' id='word_1_10' title='bbox 969 671 1007 714; x_wconf 87' lang='lat' dir='ltr'>ex</span> <span class='ocrx_word' id='word_1_11' title='bbox 1034 647 1137 728; x_wconf 85' lang='lat' dir='ltr'>nobis,</span> <span class='ocrx_word' id='word_1_12' title='bbox 1169 669 1205 714; x_wconf 89' lang='lat' dir='ltr'>eo</span> <span class='ocrx_word' id='word_1_13' title='bbox 1234 645 1364 732; x_wconf 80' lang='lat' dir='ltr'><strong>proinde</strong></span> <span class='ocrx_word' id='word_1_14' title='bbox 1395 665 1477 710; x_wconf 88' lang='lat' dir='ltr'>nun</span> 
     </span>
     <span class='ocr_line' id='line_1_3' title="bbox 271 747 1477 838; baseline -0.006 -20"><span class='ocrx_word' id='word_1_15' title='bbox 271 773 400 838; x_wconf 85' lang='lat' dir='ltr'>quoque</span> <span class='ocrx_word' id='word_1_16' title='bbox 419 752 629 838; x_wconf 73' lang='lat' dir='ltr'>glorificatum</span> <span class='ocrx_word' id='word_1_17' title='bbox 650 753 684 817; x_wconf 89' lang='lat' dir='ltr'>iu</span> <span class='ocrx_word' id='word_1_18' title='bbox 703 751 807 838; x_wconf 79' lang='lat' dir='ltr'>glorie</span> <span class='ocrx_word' id='word_1_19' title='bbox 828 771 892 816; x_wconf 92' lang='lat' dir='ltr'>non</span> <span class='ocrx_word' id='word_1_20' title='bbox 913 749 1036 836; x_wconf 83' lang='lat' dir='ltr'>sequuli</span> <span class='ocrx_word' id='word_1_21' title='bbox 1056 755 1204 835; x_wconf 86' lang='lat' dir='ltr'>peternee</span> <span class='ocrx_word' id='word_1_22' title='bbox 1223 747 1352 836; x_wconf 79' lang='lat' dir='ltr'>glories,</span> <span class='ocrx_word' id='word_1_23' title='bbox 1372 747 1477 812; x_wconf 86' lang='lat' dir='ltr'>sedin</span> 
     </span>
     <span class='ocr_line' id='line_1_4' title="bbox 272 849 1441 940; baseline -0.005 -20"><span class='ocrx_word' id='word_1_24' title='bbox 272 855 409 940; x_wconf 79' lang='lat' dir='ltr'>quedem</span> <span class='ocrx_word' id='word_1_25' title='bbox 428 853 575 919; x_wconf 82' lang='lat' dir='ltr'>inferiore</span> <span class='ocrx_word' id='word_1_26' title='bbox 601 857 635 920; x_wconf 91' lang='lat' dir='ltr'>et</span> <span class='ocrx_word' id='word_1_27' title='bbox 661 851 779 918; x_wconf 89' lang='lat' dir='ltr'>minore</span> <span class='ocrx_word' id='word_1_28' title='bbox 805 875 878 918; x_wconf 79' lang='lat' dir='ltr'>esse</span> <span class='ocrx_word' id='word_1_29' title='bbox 919 852 963 918; x_wconf 81' lang='lat' dir='ltr'>Et</span> <span class='ocrx_word' id='word_1_30' title='bbox 987 851 1127 936; x_wconf 84' lang='lat' dir='ltr'>quemvis</span> <span class='ocrx_word' id='word_1_31' title='bbox 1147 849 1273 937; x_wconf 79' lang='lat' dir='ltr'>quidem</span> <span class='ocrx_word' id='word_1_32' title='bbox 1294 849 1441 918; x_wconf 88' lang='lat' dir='ltr'>omnesh</span> 
     </span>
     <span class='ocr_line' id='line_1_5' title="bbox 272 951 1486 1041; baseline -0.007 -19"><span class='ocrx_word' id='word_1_33' title='bbox 272 957 375 1022; x_wconf 89' lang='lat' dir='ltr'>mines</span> <span class='ocrx_word' id='word_1_34' title='bbox 395 960 428 1020; x_wconf 90' lang='lat' dir='ltr'>et</span> <span class='ocrx_word' id='word_1_35' title='bbox 448 955 577 1041; x_wconf 79' lang='lat' dir='ltr'>engelos</span> <span class='ocrx_word' id='word_1_36' title='bbox 596 954 629 1018; x_wconf 94' lang='lat' dir='ltr'>in</span> <span class='ocrx_word' id='word_1_37' title='bbox 649 954 752 1040; x_wconf 83' lang='lat' dir='ltr'>glorie</span> <span class='ocrx_word' id='word_1_38' title='bbox 775 975 990 1039; x_wconf 73' lang='lat' dir='ltr'>supergressus</span> <span class='ocrx_word' id='word_1_39' title='bbox 1011 957 1044 1018; x_wconf 89' lang='lat' dir='ltr'>st</span> <span class='ocrx_word' id='word_1_40' title='bbox 1063 953 1096 1018; x_wconf 91' lang='lat' dir='ltr'>in</span> <span class='ocrx_word' id='word_1_41' title='bbox 1118 973 1225 1018; x_wconf 90' lang='lat' dir='ltr'>eorum</span> <span class='ocrx_word' id='word_1_42' title='bbox 1245 951 1305 1017; x_wconf 87' lang='lat' dir='ltr'>fide</span> <span class='ocrx_word' id='word_1_43' title='bbox 1326 952 1376 1030; x_wconf 73' lang='lat' dir='ltr'>sit</span> <span class='ocrx_word' id='word_1_44' title='bbox 1397 955 1486 1036; x_wconf 84' lang='lat' dir='ltr'>petr</span> 
     </span>
     <span class='ocr_line' id='line_1_6' title="bbox 271 1051 1478 1139; baseline -0.005 -17"><span class='ocrx_word' id='word_1_45' title='bbox 271 1063 381 1122; x_wconf 74' lang='lat' dir='ltr'>temen</span> <span class='ocrx_word' id='word_1_46' title='bbox 397 1077 460 1121; x_wconf 89' lang='lat' dir='ltr'>nou</span> <span class='ocrx_word' id='word_1_47' title='bbox 482 1055 516 1120; x_wconf 89' lang='lat' dir='ltr'>iu</span> <span class='ocrx_word' id='word_1_48' title='bbox 536 1053 688 1139; x_wconf 79' lang='lat' dir='ltr'>sapientie</span> <span class='ocrx_word' id='word_1_49' title='bbox 708 1075 765 1120; x_wconf 88' lang='lat' dir='ltr'>nee</span> <span class='ocrx_word' id='word_1_50' title='bbox 785 1055 820 1119; x_wconf 89' lang='lat' dir='ltr'>iu</span> <span class='ocrx_word' id='word_1_51' title='bbox 839 1053 969 1120; x_wconf 74' lang='lat' dir='ltr'>scientis</span> <span class='ocrx_word' id='word_1_52' title='bbox 988 1075 1045 1119; x_wconf 90' lang='lat' dir='ltr'>neo</span> <span class='ocrx_word' id='word_1_53' title='bbox 1065 1053 1098 1118; x_wconf 93' lang='lat' dir='ltr'>in</span> <span class='ocrx_word' id='word_1_54' title='bbox 1118 1053 1258 1138; x_wconf 87' lang='lat' dir='ltr'>potentis</span> <span class='ocrx_word' id='word_1_55' title='bbox 1279 1074 1337 1118; x_wconf 87' lang='lat' dir='ltr'>neo</span> <span class='ocrx_word' id='word_1_56' title='bbox 1357 1051 1390 1118; x_wconf 91' lang='lat' dir='ltr'>in</span> <span class='ocrx_word' id='word_1_57' title='bbox 1410 1051 1478 1116; x_wconf 90' lang='lat' dir='ltr'>ullo</span> 
     </span>
     <span class='ocr_line' id='line_1_7' title="bbox 272 1153 1481 1240; baseline -0.007 -17"><span class='ocrx_word' id='word_1_58' title='bbox 272 1159 360 1223; x_wconf 87' lang='lat' dir='ltr'>bono</span> <span class='ocrx_word' id='word_1_59' title='bbox 387 1155 525 1240; x_wconf 60' lang='lat' dir='ltr'>emundis</span> <span class='ocrx_word' id='word_1_60' title='bbox 552 1155 594 1220; x_wconf 89' lang='lat' dir='ltr'>sit</span> <span class='ocrx_word' id='word_1_61' title='bbox 620 1159 677 1220; x_wconf 83' lang='lat' dir='ltr'>eut</span> <span class='ocrx_word' id='word_1_62' title='bbox 703 1156 829 1240; x_wconf 74' lang='lat' dir='ltr'>sequuti</span> <span class='ocrx_word' id='word_1_63' title='bbox 857 1177 995 1240; x_wconf 88' lang='lat' dir='ltr'>unqmuu</span> <span class='ocrx_word' id='word_1_64' title='bbox 1023 1153 1128 1239; x_wconf 81' lang='lat' dir='ltr'>possit</span> <span class='ocrx_word' id='word_1_65' title='bbox 1181 1154 1311 1240; x_wconf 83' lang='lat' dir='ltr'>Insuper</span> <span class='ocrx_word' id='word_1_66' title='bbox 1341 1174 1415 1218; x_wconf 81' lang='lat' dir='ltr'>vero</span> <span class='ocrx_word' id='word_1_67' title='bbox 1447 1155 1481 1214; x_wconf 95' lang='lat' dir='ltr'>et</span> 
     </span>
     <span class='ocr_line' id='line_1_8' title="bbox 272 1239 1480 1340; baseline -0.008 -16"><span class='ocrx_word' id='word_1_68' title='bbox 272 1259 441 1324; x_wconf 75' lang='lat' dir='ltr'>unstheme</span> <span class='ocrx_word' id='word_1_69' title='bbox 467 1257 508 1321; x_wconf 83' lang='lat' dir='ltr'>eb</span> <span class='ocrx_word' id='word_1_70' title='bbox 534 1277 598 1321; x_wconf 90' lang='lat' dir='ltr'>uno</span> <span class='ocrx_word' id='word_1_71' title='bbox 626 1239 702 1320; x_wconf 79' lang='lat' dir='ltr'>tdlis</span> <span class='ocrx_word' id='word_1_72' title='bbox 729 1255 896 1322; x_wconf 73' lang='lat' dir='ltr'>dicentium</span> <span class='ocrx_word' id='word_1_73' title='bbox 924 1256 996 1340; x_wconf 89' lang='lat' dir='ltr'>(duo</span> <span class='ocrx_word' id='word_1_74' title='bbox 1025 1253 1108 1320; x_wconf 91' lang='lat' dir='ltr'>enim</span> <span class='ocrx_word' id='word_1_75' title='bbox 1136 1259 1225 1319; x_wconf 87' lang='lat' dir='ltr'>erent</span> <span class='ocrx_word' id='word_1_76' title='bbox 1251 1255 1310 1320; x_wconf 88' lang='lat' dir='ltr'>soli</span> <span class='ocrx_word' id='word_1_77' title='bbox 1335 1254 1412 1318; x_wconf 83' lang='lat' dir='ltr'>hese</span> <span class='ocrx_word' id='word_1_78' title='bbox 1432 1251 1480 1316; x_wconf 89' lang='lat' dir='ltr'>di-</span> 
     </span>
     <span class='ocr_line' id='line_1_9' title="bbox 272 1354 1480 1444; baseline -0.007 -18"><span class='ocrx_word' id='word_1_79' title='bbox 272 1357 422 1444; x_wconf 72' lang='lat' dir='ltr'>euntes)</span> <span class='ocrx_word' id='word_1_80' title='bbox 412 1380 446 1422; x_wconf 92' lang='lat' dir='ltr'>m</span> <span class='ocrx_word' id='word_1_81' title='bbox 473 1357 564 1422; x_wconf 79' lang='lat' dir='ltr'>uliter</span> <span class='ocrx_word' id='word_1_82' title='bbox 589 1356 755 1422; x_wconf 73' lang='lat' dir='ltr'>sentientes</span> <span class='ocrx_word' id='word_1_83' title='bbox 775 1354 869 1422; x_wconf 89' lang='lat' dir='ltr'>nimis</span> <span class='ocrx_word' id='word_1_84' title='bbox 895 1357 1026 1441; x_wconf 84' lang='lat' dir='ltr'>superbe</span> <span class='ocrx_word' id='word_1_85' title='bbox 1051 1377 1088 1420; x_wconf 88' lang='lat' dir='ltr'>uo</span> <span class='ocrx_word' id='word_1_86' title='bbox 1115 1355 1224 1421; x_wconf 78' lang='lat' dir='ltr'>festine</span> <span class='ocrx_word' id='word_1_87' title='bbox 1244 1355 1402 1440; x_wconf 85' lang='lat' dir='ltr'>proletum</span> <span class='ocrx_word' id='word_1_88' title='bbox 1424 1355 1480 1420; x_wconf 91' lang='lat' dir='ltr'>est.</span> 
     </span>
     <span class='ocr_line' id='line_1_10' title="bbox 273 1456 1480 1543; baseline -0.007 -16"><span class='ocrx_word' id='word_1_89' title='bbox 273 1461 322 1528; x_wconf 73' lang='lat' dir='ltr'>Et</span> <span class='ocrx_word' id='word_1_90' title='bbox 340 1460 446 1526; x_wconf 81' lang='lat' dir='ltr'>uudits</span> <span class='ocrx_word' id='word_1_91' title='bbox 458 1457 583 1543; x_wconf 89' lang='lat' dir='ltr'>quidem</span> <span class='ocrx_word' id='word_1_92' title='bbox 602 1460 676 1522; x_wconf 90' lang='lat' dir='ltr'>sunt</span> <span class='ocrx_word' id='word_1_93' title='bbox 696 1457 801 1522; x_wconf 80' lang='lat' dir='ltr'>hese</span> <span class='ocrx_word' id='word_1_94' title='bbox 791 1479 824 1522; x_wconf 91' lang='lat' dir='ltr'>m</span> <span class='ocrx_word' id='word_1_95' title='bbox 845 1456 924 1524; x_wconf 83' lang='lat' dir='ltr'>ieoie</span> <span class='ocrx_word' id='word_1_96' title='bbox 945 1457 1099 1534; x_wconf 81' lang='lat' dir='ltr'>eoelesise,</span> <span class='ocrx_word' id='word_1_97' title='bbox 1120 1461 1153 1522; x_wconf 89' lang='lat' dir='ltr'>st</span> <span class='ocrx_word' id='word_1_98' title='bbox 1173 1479 1193 1521; x_wconf 84' lang='grc' dir='ltr'>ι</span> <span class='ocrx_word' id='word_1_99' title='bbox 1213 1463 1336 1522; x_wconf 89' lang='lat' dir='ltr'>nemine</span> <span class='ocrx_word' id='word_1_100' title='bbox 1356 1459 1480 1539; x_wconf 82' lang='lat' dir='ltr'>prseter</span> 
     </span>
     <span class='ocr_line' id='line_1_11' title="bbox 273 1556 1479 1644; baseline -0.008 -15"><span class='ocrx_word' id='word_1_101' title='bbox 273 1587 296 1629; x_wconf 81' lang='grc' dir='ltr'>ι</span> <span class='ocrx_word' id='word_1_102' title='bbox 315 1563 436 1628; x_wconf 86' lang='lat' dir='ltr'>duobus</span> <span class='ocrx_word' id='word_1_103' title='bbox 456 1558 696 1634; x_wconf 81' lang='lat' dir='ltr'>eontredietum;</span> <span class='ocrx_word' id='word_1_104' title='bbox 722 1579 855 1642; x_wconf 88' lang='lat' dir='ltr'>quorum</span> <span class='ocrx_word' id='word_1_105' title='bbox 880 1579 939 1644; x_wconf 78' lang='lat' dir='ltr'>ego</span> <span class='ocrx_word' id='word_1_106' title='bbox 961 1579 1046 1622; x_wconf 85' lang='lat' dir='ltr'>erem</span> <span class='ocrx_word' id='word_1_107' title='bbox 1066 1579 1155 1636; x_wconf 82' lang='lat' dir='ltr'>unus,</span> <span class='ocrx_word' id='word_1_108' title='bbox 1176 1559 1256 1624; x_wconf 84' lang='lat' dir='ltr'>ulter</span> <span class='ocrx_word' id='word_1_109' title='bbox 1275 1556 1372 1622; x_wconf 81' lang='lat' dir='ltr'>freter</span> <span class='ocrx_word' id='word_1_110' title='bbox 1391 1577 1479 1620; x_wconf 90' lang='lat' dir='ltr'>meus</span> 
     </span>
     <span class='ocr_line' id='line_1_12' title="bbox 273 1659 1478 1751; baseline -0.003 -25"><span class='ocrx_word' id='word_1_111' title='bbox 273 1685 451 1751; x_wconf 71' lang='lat' dir='ltr'>germanus,</span> <span class='ocrx_word' id='word_1_112' title='bbox 481 1659 631 1746; x_wconf 80' lang='lat' dir='ltr'>megister</span> <span class='ocrx_word' id='word_1_113' title='bbox 661 1659 871 1744; x_wconf 80' lang='lat' dir='ltr'>Ruodegerus,</span> <span class='ocrx_word' id='word_1_114' title='bbox 903 1659 1022 1743; x_wconf 83' lang='lat' dir='ltr'>pridem</span> <span class='ocrx_word' id='word_1_115' title='bbox 1051 1659 1262 1746; x_wconf 69' lang='lat' dir='ltr'>Augustanus,</span> <span class='ocrx_word' id='word_1_116' title='bbox 1290 1680 1373 1725; x_wconf 90' lang='lat' dir='ltr'>nuno</span> <span class='ocrx_word' id='word_1_117' title='bbox 1404 1677 1478 1723; x_wconf 77' lang='lat' dir='ltr'>vero</span> 
     </span>
     <span class='ocr_line' id='line_1_13' title="bbox 168 1759 1479 1850; baseline -0.004 -22"><span class='ocrx_word' id='word_1_118' title='bbox 168 1763 238 1846; x_wconf 78' lang='lat'>(14)</span> <span class='ocrx_word' id='word_1_119' title='bbox 272 1761 533 1850; x_wconf 71' lang='lat' dir='ltr'>numburgensis</span> <span class='ocrx_word' id='word_1_120' title='bbox 553 1761 699 1827; x_wconf 74' lang='lat' dir='ltr'>eeclesiae</span> <span class='ocrx_word' id='word_1_121' title='bbox 719 1760 859 1828; x_wconf 71' lang='lat' dir='ltr'>deosum</span> <span class='ocrx_word' id='word_1_122' title='bbox 893 1761 1063 1827; x_wconf 83' lang='lat' dir='ltr'>Audientes</span> <span class='ocrx_word' id='word_1_123' title='bbox 1084 1761 1175 1841; x_wconf 77' lang='lat' dir='ltr'>enim,</span> <span class='ocrx_word' id='word_1_124' title='bbox 1194 1761 1350 1828; x_wconf 82' lang='lat' dir='ltr'>uutulibus</span> <span class='ocrx_word' id='word_1_125' title='bbox 1363 1759 1479 1826; x_wconf 80' lang='lat' dir='ltr'>christi</span> 
     </span>
     <span class='ocr_line' id='line_1_14' title="bbox 274 1860 1479 1954; baseline -0.007 -20"><span class='ocrx_word' id='word_1_126' title='bbox 274 1873 311 1934; x_wconf 84' lang='lat' dir='ltr'>et</span> <span class='ocrx_word' id='word_1_127' title='bbox 336 1864 455 1954; x_wconf 73' lang='lat' dir='ltr'>gloriae</span> <span class='ocrx_word' id='word_1_128' title='bbox 482 1861 611 1941; x_wconf 76' lang='lat' dir='ltr'>detrudi,</span> <span class='ocrx_word' id='word_1_129' title='bbox 638 1860 834 1942; x_wconf 81' lang='lat' dir='ltr'>indoluimus,</span> <span class='ocrx_word' id='word_1_130' title='bbox 862 1867 902 1942; x_wconf 74' lang='lat' dir='ltr'>et</span> <span class='ocrx_word' id='word_1_131' title='bbox 928 1865 1023 1946; x_wconf 91' lang='lat' dir='ltr'>prout</span> <span class='ocrx_word' id='word_1_132' title='bbox 1050 1865 1173 1948; x_wconf 86' lang='lat' dir='ltr'>tempus</span> <span class='ocrx_word' id='word_1_133' title='bbox 1193 1862 1329 1942; x_wconf 73' lang='lat' dir='ltr'>dietavit</span> <span class='ocrx_word' id='word_1_134' title='bbox 1356 1866 1479 1929; x_wconf 77' lang='grc' dir='ltr'><strong>ιοιιιι-</strong></span> 
     </span>
     <span class='ocr_line' id='line_1_15' title="bbox 273 1963 1481 2050; baseline -0.005 -16"><span class='ocrx_word' id='word_1_135' title='bbox 273 1967 420 2046; x_wconf 81' lang='lat' dir='ltr'>diximus,</span> <span class='ocrx_word' id='word_1_136' title='bbox 440 1967 473 2031; x_wconf 87' lang='lat' dir='ltr'>et</span> <span class='ocrx_word' id='word_1_137' title='bbox 496 1969 620 2050; x_wconf 66' lang='lat' dir='ltr'>pomum</span> <span class='ocrx_word' id='word_1_138' title='bbox 640 1964 818 2030; x_wconf 77' lang='lat' dir='ltr'>testimome</span> <span class='ocrx_word' id='word_1_139' title='bbox 839 1963 929 2030; x_wconf 80' lang='lat' dir='ltr'>eliter</span> <span class='ocrx_word' id='word_1_140' title='bbox 953 1963 1152 2030; x_wconf 88' lang='lat' dir='ltr'>sentientium</span> <span class='ocrx_word' id='word_1_141' title='bbox 1172 1987 1235 2030; x_wconf 89' lang='lat' dir='ltr'>uus</span> <span class='ocrx_word' id='word_1_142' title='bbox 1255 1987 1326 2030; x_wconf 87' lang='lat' dir='ltr'>oum</span> <span class='ocrx_word' id='word_1_143' title='bbox 1346 1984 1481 2048; x_wconf 81' lang='lat' dir='ltr'>evenge-</span> 
     </span>
     <span class='ocr_line' id='line_1_16' title="bbox 272 2062 1482 2150; baseline -0.008 -14"><span class='ocrx_word' id='word_1_144' title='bbox 272 2069 348 2136; x_wconf 86' lang='lat' dir='ltr'>lieis</span> <span class='ocrx_word' id='word_1_145' title='bbox 368 2073 401 2134; x_wconf 82' lang='lat' dir='ltr'>et</span> <span class='ocrx_word' id='word_1_146' title='bbox 419 2064 597 2150; x_wconf 75' lang='lat' dir='ltr'>apostolicis</span> <span class='ocrx_word' id='word_1_147' title='bbox 616 2063 802 2130; x_wconf 87' lang='lat' dir='ltr'>testimoniis</span> <span class='ocrx_word' id='word_1_148' title='bbox 822 2063 855 2128; x_wconf 94' lang='lat' dir='ltr'>in</span> <span class='ocrx_word' id='word_1_149' title='bbox 875 2065 1010 2130; x_wconf 89' lang='lat' dir='ltr'>medium</span> <span class='ocrx_word' id='word_1_150' title='bbox 1030 2062 1229 2148; x_wconf 81' lang='lat' dir='ltr'>proferentes.</span> <span class='ocrx_word' id='word_1_151' title='bbox 1268 2065 1386 2131; x_wconf 79' lang='lat' dir='ltr'>Audite</span> <span class='ocrx_word' id='word_1_152' title='bbox 1406 2065 1482 2128; x_wconf 88' lang='lat' dir='ltr'>sunt</span> 
     </span>
     <span class='ocr_line' id='line_1_17' title="bbox 274 2165 1480 2253; baseline -0.006 -16"><span class='ocrx_word' id='word_1_153' title='bbox 274 2173 385 2237; x_wconf 75' lang='lat' dir='ltr'>eutem</span> <span class='ocrx_word' id='word_1_154' title='bbox 403 2172 437 2235; x_wconf 90' lang='lat' dir='ltr'>et</span> <span class='ocrx_word' id='word_1_155' title='bbox 462 2167 541 2234; x_wconf 85' lang='lat' dir='ltr'>hseo</span> <span class='ocrx_word' id='word_1_156' title='bbox 567 2165 601 2232; x_wconf 93' lang='lat' dir='ltr'>in</span> <span class='ocrx_word' id='word_1_157' title='bbox 626 2165 705 2232; x_wconf 81' lang='lat' dir='ltr'>iooie</span> <span class='ocrx_word' id='word_1_158' title='bbox 725 2165 880 2245; x_wconf 81' lang='lat' dir='ltr'>eoelesiee,</span> <span class='ocrx_word' id='word_1_159' title='bbox 906 2165 1044 2253; x_wconf 81' lang='lat' dir='ltr'>itemque</span> <span class='ocrx_word' id='word_1_160' title='bbox 1064 2189 1083 2232; x_wconf 87' lang='grc' dir='ltr'>ι</span> <span class='ocrx_word' id='word_1_161' title='bbox 1104 2165 1226 2234; x_wconf 89' lang='lat' dir='ltr'>nemine</span> <span class='ocrx_word' id='word_1_162' title='bbox 1246 2167 1480 2234; x_wconf 85' lang='lat' dir='ltr'>eontredietum.</span> 
     </span>
     <span class='ocr_line' id='line_1_18' title="bbox 273 2266 1481 2359; baseline -0.004 -17"><span class='ocrx_word' id='word_1_163' title='bbox 273 2273 408 2359; x_wconf 84' lang='lat' dir='ltr'>Insuper</span> <span class='ocrx_word' id='word_1_164' title='bbox 431 2292 505 2339; x_wconf 79' lang='lat' dir='ltr'>sero</span> <span class='ocrx_word' id='word_1_165' title='bbox 533 2273 566 2337; x_wconf 87' lang='lat' dir='ltr'>et</span> <span class='ocrx_word' id='word_1_166' title='bbox 593 2269 797 2356; x_wconf 83' lang='lat' dir='ltr'>edjunximus,</span> <span class='ocrx_word' id='word_1_167' title='bbox 824 2270 940 2340; x_wconf 91' lang='lat' dir='ltr'>nullius</span> <span class='ocrx_word' id='word_1_168' title='bbox 972 2293 1030 2356; x_wconf 89' lang='lat' dir='ltr'>nos</span> <span class='ocrx_word' id='word_1_169' title='bbox 1055 2269 1309 2338; x_wconf 76' lang='lat' dir='ltr'>scholasticorum</span> <span class='ocrx_word' id='word_1_170' title='bbox 1336 2266 1481 2338; x_wconf 87' lang='lat' dir='ltr'>determi-</span> 
     </span>
     <span class='ocr_line' id='line_1_19' title="bbox 274 2372 1481 2462; baseline -0.006 -18"><span class='ocrx_word' id='word_1_171' title='bbox 274 2375 420 2444; x_wconf 71' lang='lat' dir='ltr'>nationes</span> <span class='ocrx_word' id='word_1_172' title='bbox 439 2375 473 2441; x_wconf 87' lang='lat' dir='ltr'>in</span> <span class='ocrx_word' id='word_1_173' title='bbox 501 2375 608 2442; x_wconf 82' lang='lat' dir='ltr'>eudem</span> <span class='ocrx_word' id='word_1_174' title='bbox 635 2374 820 2455; x_wconf 83' lang='lat' dir='ltr'>testimonie,</span> <span class='ocrx_word' id='word_1_175' title='bbox 847 2396 928 2462; x_wconf 88' lang='lat' dir='ltr'>quoe</span> <span class='ocrx_word' id='word_1_176' title='bbox 948 2399 967 2442; x_wconf 88' lang='lat' dir='ltr'>s</span> <span class='ocrx_word' id='word_1_177' title='bbox 987 2374 1077 2442; x_wconf 89' lang='lat' dir='ltr'>nobis</span> <span class='ocrx_word' id='word_1_178' title='bbox 1103 2375 1225 2460; x_wconf 85' lang='lat' dir='ltr'>prolete</span> <span class='ocrx_word' id='word_1_179' title='bbox 1252 2379 1333 2453; x_wconf 72' lang='lat' dir='ltr'>suut</span> <span class='ocrx_word' id='word_1_180' title='bbox 1360 2372 1481 2439; x_wconf 84' lang='lat' dir='ltr'>nsteles</span> 
     </span>
     <span class='ocr_line' id='line_1_20' title="bbox 275 2473 1481 2562; baseline -0.005 -16"><span class='ocrx_word' id='word_1_181' title='bbox 275 2479 396 2546; x_wconf 78' lang='lat' dir='ltr'>Christi</span> <span class='ocrx_word' id='word_1_182' title='bbox 423 2477 516 2544; x_wconf 82' lang='lat' dir='ltr'>etium</span> <span class='ocrx_word' id='word_1_183' title='bbox 544 2477 711 2544; x_wconf 89' lang='lat' dir='ltr'>seeundum</span> <span class='ocrx_word' id='word_1_184' title='bbox 738 2498 862 2542; x_wconf 88' lang='lat' dir='ltr'>oernem</span> <span class='ocrx_word' id='word_1_185' title='bbox 882 2477 1002 2543; x_wconf 84' lang='lat' dir='ltr'>divinos</span> <span class='ocrx_word' id='word_1_186' title='bbox 1028 2475 1166 2562; x_wconf 89' lang='lat' dir='ltr'>itemque</span> <span class='ocrx_word' id='word_1_187' title='bbox 1190 2477 1323 2562; x_wconf 80' lang='lat' dir='ltr'>gloriam</span> <span class='ocrx_word' id='word_1_188' title='bbox 1343 2473 1481 2542; x_wconf 88' lang='lat' dir='ltr'>hominis</span> 
     </span>
     <span class='ocr_line' id='line_1_21' title="bbox 274 2577 1481 2666; baseline -0.005 -19"><span class='ocrx_word' id='word_1_189' title='bbox 274 2580 429 2664; x_wconf 73' lang='lat' dir='ltr'>assumpti</span> <span class='ocrx_word' id='word_1_190' title='bbox 456 2579 619 2664; x_wconf 83' lang='lat' dir='ltr'>sequulsm</span> <span class='ocrx_word' id='word_1_191' title='bbox 645 2577 765 2665; x_wconf 73' lang='lat' dir='ltr'>gloriae</span> <span class='ocrx_word' id='word_1_192' title='bbox 791 2585 938 2662; x_wconf 82' lang='lat' dir='ltr'>peternee</span> <span class='ocrx_word' id='word_1_193' title='bbox 964 2577 1186 2663; x_wconf 65' lang='lat' dir='ltr'>preminentis,</span> <span class='ocrx_word' id='word_1_194' title='bbox 1216 2579 1314 2666; x_wconf 85' lang='lat' dir='ltr'>nos†)</span> <span class='ocrx_word' id='word_1_195' title='bbox 1343 2578 1481 2664; x_wconf 88' lang='lat' dir='ltr'>reeipere</span> 
     </span>
     <span class='ocr_line' id='line_1_22' title="bbox 275 2679 1174 2766; baseline -0.004 -16"><span class='ocrx_word' id='word_1_196' title='bbox 275 2683 370 2762; x_wconf 82' lang='lat' dir='ltr'>velle,</span> <span class='ocrx_word' id='word_1_197' title='bbox 388 2681 484 2748; x_wconf 89' lang='lat' dir='ltr'>solius</span> <span class='ocrx_word' id='word_1_198' title='bbox 504 2680 638 2748; x_wconf 71' lang='lat' dir='ltr'>Romani</span> <span class='ocrx_word' id='word_1_199' title='bbox 658 2679 813 2766; x_wconf 83' lang='lat' dir='ltr'>pontifiois</span> <span class='ocrx_word' id='word_1_200' title='bbox 834 2681 1017 2748; x_wconf 71' lang='lat' dir='ltr'>auctoritate</span> <span class='ocrx_word' id='word_1_201' title='bbox 1038 2684 1174 2766; x_wconf 76' lang='lat' dir='ltr'>exeepts</span> 
     </span>
     <span class='ocr_line' id='line_1_23' title="bbox 379 2781 1483 2872; baseline -0.004 -22"><span class='ocrx_word' id='word_1_202' title='bbox 379 2784 466 2850; x_wconf 73' lang='lat' dir='ltr'>Haeo</span> <span class='ocrx_word' id='word_1_203' title='bbox 493 2787 597 2849; x_wconf 82' lang='lat' dir='ltr'>eutem</span> <span class='ocrx_word' id='word_1_204' title='bbox 624 2806 687 2850; x_wconf 87' lang='lat' dir='ltr'>une</span> <span class='ocrx_word' id='word_1_205' title='bbox 713 2805 783 2850; x_wconf 90' lang='lat' dir='ltr'>eum</span> <span class='ocrx_word' id='word_1_206' title='bbox 808 2783 1025 2872; x_wconf 72' lang='lat' dir='ltr'>magistrorum</span> <span class='ocrx_word' id='word_1_207' title='bbox 1055 2781 1145 2850; x_wconf 87' lang='lat' dir='ltr'>dietis</span> <span class='ocrx_word' id='word_1_208' title='bbox 1166 2803 1405 2848; x_wconf 74' lang='lat' dir='ltr'>commemorare</span> <span class='ocrx_word' id='word_1_209' title='bbox 1426 2800 1483 2872; x_wconf 56' lang='lat' dir='ltr'>eof</span> 
     </span>
     <span class='ocr_line' id='line_1_24' title="bbox 275 2881 1482 2972; baseline -0.006 -19"><span class='ocrx_word' id='word_1_210' title='bbox 275 2885 402 2965; x_wconf 77' lang='lat' dir='ltr'>luimus,</span> <span class='ocrx_word' id='word_1_211' title='bbox 427 2885 575 2972; x_wconf 81' lang='lat' dir='ltr'>quonium</span> <span class='ocrx_word' id='word_1_212' title='bbox 599 2884 649 2951; x_wconf 89' lang='lat' dir='ltr'>his</span> <span class='ocrx_word' id='word_1_213' title='bbox 676 2885 796 2950; x_wconf 89' lang='lat' dir='ltr'>duobus</span> <span class='ocrx_word' id='word_1_214' title='bbox 821 2887 944 2964; x_wconf 85' lang='lat' dir='ltr'>nostris,</span> <span class='ocrx_word' id='word_1_215' title='bbox 971 2886 1034 2950; x_wconf 93' lang='lat' dir='ltr'>imo</span> <span class='ocrx_word' id='word_1_216' title='bbox 1055 2885 1170 2950; x_wconf 78' lang='lat' dir='ltr'>Christi</span> <span class='ocrx_word' id='word_1_217' title='bbox 1197 2881 1482 2962; x_wconf 59' lang='lat' dir='ltr'>oontrediotoribus,</span> 
     </span>
     <span class='ocr_line' id='line_1_25' title="bbox 276 2983 1486 3104; baseline -0.005 -50"><span class='ocrx_word' id='word_1_218' title='bbox 276 2988 415 3104; x_wconf 86' lang='lat' dir='ltr'>itemque</span> <span class='ocrx_word' id='word_1_219' title='bbox 435 2986 663 3074; x_wconf 70' lang='lat' dir='ltr'>magistrorum,</span> <span class='ocrx_word' id='word_1_220' title='bbox 683 3007 762 3072; x_wconf 88' lang='lat' dir='ltr'>quos</span> <span class='ocrx_word' id='word_1_221' title='bbox 783 2985 925 3066; x_wconf 82' lang='lat' dir='ltr'>diximus,</span> <span class='ocrx_word' id='word_1_222' title='bbox 948 2988 1003 3053; x_wconf 89' lang='lat' dir='ltr'>sed</span> <span class='ocrx_word' id='word_1_223' title='bbox 1026 2991 1059 3054; x_wconf 89' lang='lat' dir='ltr'>et</span> <span class='ocrx_word' id='word_1_224' title='bbox 1077 2986 1267 3054; x_wconf 86' lang='lat' dir='ltr'>seholmium</span> <span class='ocrx_word' id='word_1_225' title='bbox 1287 2983 1486 3098; x_wconf 81' lang='lat' dir='ltr'>quorundum</span> 
     </span>
     <span class='ocr_line' id='line_1_26' title="bbox 277 3084 1483 3176; baseline -0.003 -19"><span class='ocrx_word' id='word_1_226' title='bbox 277 3089 370 3157; x_wconf 79' lang='lat' dir='ltr'>eb&#39;</span> <span class='ocrx_word' id='word_1_227' title='bbox 343 3113 386 3158; x_wconf 84' lang='lat' dir='ltr'>ers</span> <span class='ocrx_word' id='word_1_228' title='bbox 405 3090 627 3156; x_wconf 85' lang='lat' dir='ltr'>instruotomm</span> <span class='ocrx_word' id='word_1_229' title='bbox 648 3089 785 3176; x_wconf 90' lang='lat' dir='ltr'>itemque</span> <span class='ocrx_word' id='word_1_230' title='bbox 805 3088 943 3156; x_wconf 82' lang='lat' dir='ltr'>Folmuri</span> <span class='ocrx_word' id='word_1_231' title='bbox 963 3088 1070 3168; x_wconf 78' lang='lat' dir='ltr'>nostri,</span> <span class='ocrx_word' id='word_1_232' title='bbox 1090 3089 1234 3157; x_wconf 80' lang='lat' dir='ltr'>videlieet</span> <span class='ocrx_word' id='word_1_233' title='bbox 1254 3087 1370 3156; x_wconf 80' lang='lat' dir='ltr'>Follis·</span> <span class='ocrx_word' id='word_1_234' title='bbox 1376 3084 1483 3165; x_wconf 79' lang='lat' dir='ltr'>umori,</span> 
     </span>
     <span class='ocr_line' id='line_1_27' title="bbox 277 3181 1486 3279; baseline -0.004 -19"><span class='ocrx_word' id='word_1_235' title='bbox 277 3193 363 3260; x_wconf 72' lang='lat' dir='ltr'>diets</span> <span class='ocrx_word' id='word_1_236' title='bbox 382 3214 479 3279; x_wconf 91' lang='lat' dir='ltr'>prope</span> <span class='ocrx_word' id='word_1_237' title='bbox 498 3191 531 3258; x_wconf 90' lang='lat' dir='ltr'>in</span> <span class='ocrx_word' id='word_1_238' title='bbox 551 3214 649 3259; x_wconf 87' lang='lat' dir='ltr'>unum</span> <span class='ocrx_word' id='word_1_239' title='bbox 676 3191 850 3274; x_wconf 67' lang='lat' dir='ltr'>oouoinuut,</span> <span class='ocrx_word' id='word_1_240' title='bbox 870 3198 915 3273; x_wconf 74' lang='lat' dir='ltr'>ut</span> <span class='ocrx_word' id='word_1_241' title='bbox 939 3193 967 3260; x_wconf 91' lang='lat' dir='ltr'>si</span> <span class='ocrx_word' id='word_1_242' title='bbox 991 3193 1073 3260; x_wconf 76' lang='lat' dir='ltr'>sorte</span> <span class='ocrx_word' id='word_1_243' title='bbox 1093 3193 1161 3260; x_wconf 85' lang='lat' dir='ltr'>Deo</span> <span class='ocrx_word' id='word_1_244' title='bbox 1183 3193 1306 3260; x_wconf 77' lang='lat' dir='ltr'>fovente</span> <span class='ocrx_word' id='word_1_245' title='bbox 1326 3181 1382 3257; x_wconf 86' lang='lat' dir='ltr'>uni</span> <span class='ocrx_word' id='word_1_246' title='bbox 1401 3187 1486 3270; x_wconf 65' lang='lat' dir='ltr'>hue</span> 
     </span>
     <span class='ocr_line' id='line_1_28' title="bbox 278 3294 1486 3412; baseline -0.002 -50"><span class='ocrx_word' id='word_1_247' title='bbox 278 3319 374 3384; x_wconf 88' lang='lat' dir='ltr'>quem</span> <span class='ocrx_word' id='word_1_248' title='bbox 404 3299 576 3363; x_wconf 84' lang='lat' dir='ltr'>extremum</span> <span class='ocrx_word' id='word_1_249' title='bbox 605 3294 778 3381; x_wconf 88' lang='lat' dir='ltr'>posuimus,</span> <span class='ocrx_word' id='word_1_250' title='bbox 809 3295 903 3362; x_wconf 71' lang='lat' dir='ltr'>fiderit</span> <span class='ocrx_word' id='word_1_251' title='bbox 934 3294 1151 3363; x_wconf 76' lang='lat' dir='ltr'>convenienter</span> <span class='ocrx_word' id='word_1_252' title='bbox 1177 3295 1344 3374; x_wconf 78' lang='lat' dir='ltr'>obviatum</span> <span class='ocrx_word' id='word_1_253' title='bbox 1375 3298 1486 3412; x_wconf 79' lang='lat' dir='ltr'>eontral</span> 
     </span>
     <span class='ocr_line' id='line_1_29' title="bbox 276 3369 1486 3486; baseline -0.003 -21"><span class='ocrx_word' id='word_1_254' title='bbox 276 3399 421 3486; x_wconf 68' lang='lat' dir='ltr'>singulos</span> <span class='ocrx_word' id='word_1_255' title='bbox 447 3398 603 3465; x_wconf 80' lang='lat' dir='ltr'>deeerturs</span> <span class='ocrx_word' id='word_1_256' title='bbox 630 3397 720 3464; x_wconf 89' lang='lat' dir='ltr'>nobis</span> <span class='ocrx_word' id='word_1_257' title='bbox 747 3397 953 3466; x_wconf 75' lang='lat' dir='ltr'>necessarium</span> <span class='ocrx_word' id='word_1_258' title='bbox 979 3419 1043 3466; x_wconf 90' lang='lat' dir='ltr'>non</span> <span class='ocrx_word' id='word_1_259' title='bbox 1071 3397 1119 3465; x_wconf 88' lang='lat' dir='ltr'>sit</span> <span class='ocrx_word' id='word_1_260' title='bbox 1167 3397 1212 3464; x_wconf 75' lang='lat' dir='ltr'>ut</span> <span class='ocrx_word' id='word_1_261' title='bbox 1239 3396 1380 3484; x_wconf 81' lang='lat' dir='ltr'>quemvis</span> <span class='ocrx_word' id='word_1_262' title='bbox 1407 3369 1486 3462; x_wconf 80' lang='lat' dir='ltr'>tidesl</span> 
     </span>
     <span class='ocr_line' id='line_1_30' title="bbox 277 3483 1486 3588; baseline -0.003 -20"><span class='ocrx_word' id='word_1_263' title='bbox 277 3499 434 3568; x_wconf 81' lang='lat' dir='ltr'>estholies</span> <span class='ocrx_word' id='word_1_264' title='bbox 452 3499 554 3588; x_wconf 74' lang='lat' dir='ltr'>magis</span> <span class='ocrx_word' id='word_1_265' title='bbox 573 3500 757 3568; x_wconf 85' lang='lat' dir='ltr'>euotoritete</span> <span class='ocrx_word' id='word_1_266' title='bbox 777 3523 871 3588; x_wconf 89' lang='lat' dir='ltr'>qusm</span> <span class='ocrx_word' id='word_1_267' title='bbox 895 3501 1017 3569; x_wconf 77' lang='lat' dir='ltr'>ratione</span> <span class='ocrx_word' id='word_1_268' title='bbox 1037 3499 1193 3579; x_wconf 74' lang='lat' dir='ltr'>consistat</span> <span class='ocrx_word' id='word_1_269' title='bbox 1213 3499 1348 3568; x_wconf 80' lang='lat' dir='ltr'>rationes</span> <span class='ocrx_word' id='word_1_270' title='bbox 1369 3483 1486 3566; x_wconf 78' lang='lat' dir='ltr'>temen</span> 
     </span>
     <span class='ocr_line' id='line_1_31' title="bbox 278 3601 1470 3692; baseline 0 -23"><span class='ocrx_word' id='word_1_271' title='bbox 278 3601 384 3689; x_wconf 77' lang='lat' dir='ltr'>quood</span> <span class='ocrx_word' id='word_1_272' title='bbox 403 3601 476 3669; x_wconf 87' lang='lat' dir='ltr'>fidei</span> <span class='ocrx_word' id='word_1_273' title='bbox 495 3603 725 3692; x_wconf 64' lang='lat' dir='ltr'>suffregerest)</span> <span class='ocrx_word' id='word_1_274' title='bbox 746 3608 903 3690; x_wconf 74' lang='lat' dir='ltr'>potenmt</span> <span class='ocrx_word' id='word_1_275' title='bbox 924 3605 1057 3672; x_wconf 81' lang='lat' dir='ltr'>libenter</span> <span class='ocrx_word' id='word_1_276' title='bbox 1078 3601 1279 3671; x_wconf 76' lang='lat' dir='ltr'>admittimus.</span> <span class='ocrx_word' id='word_1_277' title='bbox 1324 3603 1390 3672; x_wconf 81' lang='lat' dir='ltr'>Ubi</span> <span class='ocrx_word' id='word_1_278' title='bbox 1410 3622 1470 3669; x_wconf 81' lang='lat' dir='ltr'>ver</span> 
     </span>
     <span class='ocr_line' id='line_1_32' title="bbox 278 3693 1482 3823; baseline 0 -50"><span class='ocrx_word' id='word_1_279' title='bbox 278 3710 314 3773; x_wconf 89' lang='lat' dir='ltr'>et</span> <span class='ocrx_word' id='word_1_280' title='bbox 333 3703 487 3785; x_wconf 74' lang='lat' dir='ltr'>definiunt</span> <span class='ocrx_word' id='word_1_281' title='bbox 506 3705 708 3773; x_wconf 86' lang='lat' dir='ltr'>nihilominus</span> <span class='ocrx_word' id='word_1_282' title='bbox 729 3730 748 3773; x_wconf 87' lang='grc' dir='ltr'>ι</span> <span class='ocrx_word' id='word_1_283' title='bbox 768 3706 840 3773; x_wconf 86' lang='lat' dir='ltr'>fidei</span> <span class='ocrx_word' id='word_1_284' title='bbox 860 3707 1062 3774; x_wconf 81' lang='lat' dir='ltr'>firndemento</span> <span class='ocrx_word' id='word_1_285' title='bbox 1084 3726 1148 3772; x_wconf 89' lang='lat' dir='ltr'>non</span> <span class='ocrx_word' id='word_1_286' title='bbox 1167 3705 1351 3786; x_wconf 72' lang='lat' dir='ltr'>repedemus,</span> <span class='ocrx_word' id='word_1_287' title='bbox 1372 3693 1482 3823; x_wconf 78' lang='lat' dir='ltr'>utpod</span> 
     </span>
     <span class='ocr_line' id='line_1_33' title="bbox 278 3807 1460 3895; baseline -0.002 -19"><span class='ocrx_word' id='word_1_288' title='bbox 278 3807 424 3889; x_wconf 80' lang='lat' dir='ltr'>seientes,</span> <span class='ocrx_word' id='word_1_289' title='bbox 455 3808 568 3895; x_wconf 74' lang='lat' dir='ltr'>qmtus</span> <span class='ocrx_word' id='word_1_290' title='bbox 598 3808 775 3876; x_wconf 74' lang='lat' dir='ltr'>euotontm</span> <span class='ocrx_word' id='word_1_291' title='bbox 804 3809 995 3877; x_wconf 86' lang='lat' dir='ltr'>eredidimus.</span> <span class='ocrx_word' id='word_1_292' title='bbox 1047 3807 1155 3876; x_wconf 89' lang='lat' dir='ltr'>Primo</span> <span class='ocrx_word' id='word_1_293' title='bbox 1185 3811 1290 3875; x_wconf 90' lang='lat' dir='ltr'>noster</span> <span class='ocrx_word' id='word_1_294' title='bbox 1320 3807 1460 3888; x_wconf 77' lang='lat' dir='ltr'>ille.1m</span> 
     </span>
     <span class='ocr_line' id='line_1_34' title="bbox 279 3793 1486 4078; baseline -0.004 -97"><span class='ocrx_word' id='word_1_295' title='bbox 279 3911 398 3981; x_wconf 75' lang='lat' dir='ltr'>christi</span> <span class='ocrx_word' id='word_1_296' title='bbox 417 3910 639 3978; x_wconf 80' lang='lat' dir='ltr'>edrerssrius</span> <span class='ocrx_word' id='word_1_297' title='bbox 624 3933 692 3996; x_wconf 77' lang='lat' dir='ltr'>Jem</span> <span class='ocrx_word' id='word_1_298' title='bbox 711 3911 820 3992; x_wconf 76' lang='lat' dir='ltr'>diotre,</span> <span class='ocrx_word' id='word_1_299' title='bbox 845 3911 962 3979; x_wconf 81' lang='lat' dir='ltr'>Follis·</span> <span class='ocrx_word' id='word_1_300' title='bbox 948 3934 1099 3991; x_wconf 77' lang='lat' dir='ltr'>·emerrrs,</span> <span class='ocrx_word' id='word_1_301' title='bbox 1122 3911 1184 3977; x_wconf 88' lang='lat' dir='ltr'>hoe</span> <span class='ocrx_word' id='word_1_302' title='bbox 1203 3911 1324 3978; x_wconf 87' lang='lat' dir='ltr'>nobis</span> <span class='ocrx_word' id='word_1_303' title='bbox 1313 3935 1348 3978; x_wconf 92' lang='grc' dir='ltr'>ιι</span> <span class='ocrx_word' id='word_1_304' title='bbox 1368 3793 1486 4078; x_wconf 65' lang='lat' dir='ltr'>duddi</span> 
     </span>
     <span class='ocr_line' id='line_1_35' title="bbox 278 3982 1470 4098; baseline -0.001 -18"><span class='ocrx_word' id='word_1_305' title='bbox 278 4013 367 4080; x_wconf 82' lang='lat' dir='ltr'>niem</span> <span class='ocrx_word' id='word_1_306' title='bbox 391 4016 524 4098; x_wconf 74' lang='lat' dir='ltr'>reputet</span> <span class='ocrx_word' id='word_1_307' title='bbox 551 4012 634 4097; x_wconf 87' lang='lat' dir='ltr'>quod</span> <span class='ocrx_word' id='word_1_308' title='bbox 654 4011 823 4079; x_wconf 89' lang='lat' dir='ltr'>Dominum</span> <span class='ocrx_word' id='word_1_309' title='bbox 843 4013 982 4080; x_wconf 82' lang='lat' dir='ltr'>desum&#39;</span> <span class='ocrx_word' id='word_1_310' title='bbox 972 4037 1006 4079; x_wconf 92' lang='grc' dir='ltr'>ιι</span> <span class='ocrx_word' id='word_1_311' title='bbox 1027 4035 1074 4092; x_wconf 87' lang='lat' dir='ltr'>eo,</span> <span class='ocrx_word' id='word_1_312' title='bbox 1101 4012 1185 4098; x_wconf 89' lang='lat' dir='ltr'>quod</span> <span class='ocrx_word' id='word_1_313' title='bbox 1209 4013 1304 4080; x_wconf 88' lang='lat' dir='ltr'>homo</span> <span class='ocrx_word' id='word_1_314' title='bbox 1325 3982 1470 4079; x_wconf 76' lang='lat' dir='ltr'>deMurd</span> 
     </span>
     <span class='ocr_line' id='line_1_36' title="bbox 255 4103 1475 4200; baseline -0.001 -20"><span class='ocrx_word' id='word_1_315' title='bbox 255 4113 403 4200; x_wconf 75' lang='lat' dir='ltr'>’virgine</span> <span class='ocrx_word' id='word_1_316' title='bbox 421 4135 458 4180; x_wconf 80' lang='lat' dir='ltr'>ee</span> <span class='ocrx_word' id='word_1_317' title='bbox 478 4112 590 4199; x_wconf 85' lang='lat' dir='ltr'>spiritu</span> <span class='ocrx_word' id='word_1_318' title='bbox 607 4116 715 4180; x_wconf 82' lang='lat' dir='ltr'>emoto</span> <span class='ocrx_word' id='word_1_319' title='bbox 735 4119 826 4180; x_wconf 73' lang='lat' dir='ltr'>netem</span> <span class='ocrx_word' id='word_1_320' title='bbox 847 4117 902 4194; x_wconf 72' lang='lat' dir='ltr'>est,</span> <span class='ocrx_word' id='word_1_321' title='bbox 914 4115 975 4181; x_wconf 88' lang='lat' dir='ltr'>Dei</span> <span class='ocrx_word' id='word_1_322' title='bbox 994 4115 1094 4182; x_wconf 85' lang='lat' dir='ltr'>filium</span> <span class='ocrx_word' id='word_1_323' title='bbox 1114 4114 1288 4180; x_wconf 85' lang='lat' dir='ltr'>neturelem</span> <span class='ocrx_word' id='word_1_324' title='bbox 1308 4103 1475 4180; x_wconf 64' lang='lat' dir='ltr'>meimet</span> 
     </span>
     <span class='ocr_line' id='line_1_37' title="bbox 142 4199 1479 4300; baseline -0.006 -15"><span class='ocrx_word' id='word_1_325' title='bbox 142 4231 147 4242; x_wconf 92' lang='lat'>&#39;</span> <span class='ocrx_word' id='word_1_326' title='bbox 279 4213 539 4300; x_wconf 63' lang='lat' dir='ltr'>sesquiannus</span> <span class='ocrx_word' id='word_1_327' title='bbox 558 4215 599 4280; x_wconf 82' lang='lat' dir='ltr'>eb</span> <span class='ocrx_word' id='word_1_328' title='bbox 619 4235 666 4294; x_wconf 81' lang='lat' dir='ltr'>eo,</span> <span class='ocrx_word' id='word_1_329' title='bbox 690 4213 766 4300; x_wconf 91' lang='lat' dir='ltr'>quid</span> <span class='ocrx_word' id='word_1_330' title='bbox 784 4215 959 4282; x_wconf 76' lang='lat' dir='ltr'>usturam</span> <span class='ocrx_word' id='word_1_331' title='bbox 949 4238 982 4280; x_wconf 94' lang='lat' dir='ltr'>m</span> <span class='ocrx_word' id='word_1_332' title='bbox 1001 4216 1093 4282; x_wconf 87' lang='lat' dir='ltr'>rebus</span> <span class='ocrx_word' id='word_1_333' title='bbox 1114 4215 1266 4293; x_wconf 86' lang='lat' dir='ltr'>nominst;</span> <span class='ocrx_word' id='word_1_334' title='bbox 1291 4217 1324 4280; x_wconf 91' lang='lat' dir='ltr'>st</span> <span class='ocrx_word' id='word_1_335' title='bbox 1344 4199 1479 4280; x_wconf 79' lang='grc' dir='ltr'><strong>ιιιιίιιι·</strong></span> 
     </span>
     <span class='ocr_line' id='line_1_38' title="bbox 281 4299 1481 4403; baseline -0.003 -21"><span class='ocrx_word' id='word_1_336' title='bbox 281 4337 356 4382; x_wconf 73' lang='lat' dir='ltr'>mm</span> <span class='ocrx_word' id='word_1_337' title='bbox 378 4339 443 4384; x_wconf 90' lang='lat' dir='ltr'>uon</span> <span class='ocrx_word' id='word_1_338' title='bbox 469 4313 555 4382; x_wconf 79' lang='lat' dir='ltr'>eliud</span> <span class='ocrx_word' id='word_1_339' title='bbox 581 4317 726 4382; x_wconf 76' lang='lat' dir='ltr'>ustorum</span> <span class='ocrx_word' id='word_1_340' title='bbox 752 4316 798 4382; x_wconf 88' lang='lat' dir='ltr'>rei</span> <span class='ocrx_word' id='word_1_341' title='bbox 824 4315 974 4402; x_wconf 60' lang='lat' dir='ltr'>mumque</span> <span class='ocrx_word' id='word_1_342' title='bbox 1002 4317 1102 4384; x_wconf 83' lang='lat' dir='ltr'>didere</span> <span class='ocrx_word' id='word_1_343' title='bbox 1130 4338 1224 4403; x_wconf 83' lang='lat' dir='ltr'>quum</span> <span class='ocrx_word' id='word_1_344' title='bbox 1247 4315 1384 4399; x_wconf 67' lang='lat' dir='ltr'>formum</span> <span class='ocrx_word' id='word_1_345' title='bbox 1410 4299 1481 4388; x_wconf 72' lang='grc' dir='ltr'>ιιιιί1</span> 
     </span>
     <span class='ocr_line' id='line_1_39' title="bbox 280 4391 1486 4506; baseline -0.002 -23"><span class='ocrx_word' id='word_1_346' title='bbox 280 4415 415 4483; x_wconf 79' lang='lat' dir='ltr'>steutise</span> <span class='ocrx_word' id='word_1_347' title='bbox 434 4415 502 4502; x_wconf 86' lang='lat' dir='ltr'>ejus</span> <span class='ocrx_word' id='word_1_348' title='bbox 521 4416 573 4482; x_wconf 86' lang='lat' dir='ltr'>rel</span> <span class='ocrx_word' id='word_1_349' title='bbox 597 4415 750 4504; x_wconf 78' lang='lat' dir='ltr'>uiqsid</span> <span class='ocrx_word' id='word_1_350' title='bbox 740 4438 774 4483; x_wconf 91' lang='lat' dir='ltr'>m</span> <span class='ocrx_word' id='word_1_351' title='bbox 798 4419 928 4485; x_wconf 89' lang='lat' dir='ltr'>eundem</span> <span class='ocrx_word' id='word_1_352' title='bbox 952 4439 1084 4499; x_wconf 74' lang='lat' dir='ltr'>sensum,</span> <span class='ocrx_word' id='word_1_353' title='bbox 1108 4417 1196 4484; x_wconf 80' lang='lat' dir='ltr'>serbi</span> <span class='ocrx_word' id='word_1_354' title='bbox 1219 4416 1323 4506; x_wconf 75' lang='lat' dir='ltr'>gretie</span> <span class='ocrx_word' id='word_1_355' title='bbox 1341 4391 1486 4482; x_wconf 65' lang='lat' dir='ltr'>humem&#39;i</span> 
     </span>
    </p>
   </div>
   <div class='ocr_carea' id='block_1_3' title="bbox 383 4517 1274 4732">
    <p class='ocr_par' dir='ltr' id='par_1_3' title="bbox 383 4517 1274 4732">
     <span class='ocr_line' id='line_1_40' title="bbox 383 4517 761 4624; baseline -0.008 -12"><span class='ocrx_word' id='word_1_356' title='bbox 383 4517 761 4624; x_wconf 69' lang='lat' dir='ltr'>ttsosebnndmridetur.</span> 
     </span>
     <span class='ocr_line' id='line_1_41' title="bbox 383 4637 1274 4732; baseline -0.001 -36"><span class='ocrx_word' id='word_1_357' title='bbox 383 4637 887 4732; x_wconf 19' lang='lat' dir='ltr'>musiiemunurinmssffmpm</span> <span class='ocrx_word' id='word_1_358' title='bbox 902 4637 1274 4712; x_wconf 68' lang='lat' dir='ltr'>emsedmitineuffmpert</span> 
     </span>
    </p>
   </div>
   <div class='ocr_carea' id='block_1_4' title="bbox 0 0 1523 5300">
    <p class='ocr_par' dir='ltr' id='par_1_4' title="bbox 0 0 1523 5300">
     <span class='ocr_line' id='line_1_42' title="bbox 0 0 1523 5300; baseline 0 0"><span class='ocrx_word' id='word_1_359' title='bbox 0 0 1523 5300; x_wconf 95' lang='lat' dir='ltr'> </span> 
     </span>
    </p>
   </div>
  </div>
 </body>
</html>
