3010 5300
117 48 123 114 l
157 19 176 179 b
373 45 375 52 ·
405 75 418 112 ,-

62 224 117 267 „s
142 183 152 220 Ἰ
278 181 280 186 ¹

43 319 47 362 c
100 303 136 436 ,1'
192 331 194 335 ,
515 303 888 390 ‘eronoonrmus
1272 342 1312 402 eo
1388 377 1393 406 2

108 502 268 608 ¹habuerit
309 503 401 571 Unde
428 505 596 590 apostolus,
623 526 678 571 ras
706 503 881 572 electionis:
905 504 1050 588 Primos,
1079 504 1132 585 ait,
1152 505 1243 574 boote
1276 507 1314 574 de

108 612 208 674 ‘terro
234 613 392 690 terrenam,
420 611 581 678 madoco
606 611 696 677 bomo
721 611 759 676 de
786 611 870 677 eaelo
897 609 1046 691 coelestia,
1075 631 1112 698 eo
1140 611 1225 696 quod
1251 633 1313 678 non

116 707 285 772 secundum
306 707 438 773 carnalis
458 707 723 792 concupiscentiae
743 709 892 786 fomitem,
918 729 956 772 ex
981 709 1118 774 masculo
1139 713 1172 773 et
1190 709 1313 787 femina,

116 807 170 870 sed
191 828 230 872 ex
250 807 318 872 Deo
339 801 607 893 supemahrralem
626 809 770 874 umcendi
790 808 943 894 originem
963 807 1090 872 sortitus
1110 808 1158 874 eit
1193 807 1315 875 Greavit
1431 821 1438 836 ·

117 905 393 976 autem'Dominus
414 911 446 974 et
470 905 606 993 primum
625 907 784 974 hominem
804 905 987 974 mirabiliter
1005 906 1044 972 de
1064 911 1149 974 terra
1168 912 1201 974 et
1219 908 1314 993 inspi-

115 1007 197 1074 ravit
216 1007 250 1075 in
278 1007 388 1076 laniem
417 1007 485 1095 ejus
512 1007 700 1095 spiraculum
727 1008 817 1076 ritae
858 1008 906 1074 De
933 1007 1070 1074 masculo
1091 1029 1216 1094 quoque
1241 1009 1313 1099 eub-

116 1115 247 1178 traotam
260 1115 378 1180 eostam
398 1112 545 1180 fornmrit
564 1113 640 1180 item
659 1111 843 1182 mirabiliter
862 1111 895 1178 iu
914 1108 1075 1179 mulierem
1088 1133 1097 1178 :
1110 1114 1143 1179 et
1159 1111 1314 1180 hebebant

115 1213 207 1280 ambo
228 1215 331 1280 Deum
351 1215 516 1284 caelestem
536 1214 687 1302 opificem
728 1215 797 1282 Nec
821 1219 925 1281 tamen
950 1213 1063 1280 dieitm
1081 1215 1198 1300 primus
1219 1215 1313 1282 homo
1382 1240 1387 1248 ·

115 1316 152 1378 de
173 1317 260 1383 eaelo
281 1315 430 1396 coelectis,
450 1317 504 1382 scd
524 1318 562 1384 de
583 1321 667 1384 terre
687 1321 834 1396 terrenm
856 1315 925 1382 ideo
947 1315 1030 1401 quod
1050 1316 1190 1384 caelestis
1210 1315 1312 1402 opifex

114 1417 199 1483 Deus
228 1418 376 1484 rutenae
406 1419 439 1484 in
468 1417 571 1483 virum
598 1419 649 1483 rel
679 1417 840 1483 mulierem
870 1405 1048 1482 formandae
1078 1417 1157 1484 nihil
1187 1439 1312 1484 snorum

115 1517 314 1599 naturalium,
352 1518 432 1588 nihil
473 1519 617 1606 propriae
651 1517 841 1586 substantiae
872 1517 1056 1605 impenderit
1086 1518 1136 1584 rel
1171 1517 1311 1585 univerit

34 1649 35 1664 ¹
113 1621 215 1706 Ipsina
241 1621 323 1688 enim
348 1622 478 1703 facture,
504 1644 567 1689 non
591 1625 704 1689 nature
724 1623 775 1688 r'el
799 1619 971 1689 substantia
994 1641 1108 1687 sumus
1150 1619 1212 1688 Hie
1231 1642 1312 1700 vero,
1345 1622 1415 1706 (25)

113 1723 145 1788 in
167 1721 290 1791 Christo
311 1723 463 1805 videlicet,
489 1723 593 1810 ipsum
611 1723 671 1791 Dei
690 1723 837 1805 Verbum,
862 1723 929 1810 ipsa
948 1721 1046 1788 virtus
1071 1721 1221 1803 altissimi,
1245 1722 1311 1808 ipse
1347 1721 1350 1728 ’

112 1830 236 1893 sanctus
257 1828 419 1893 ambonem
440 1825 567 1913 spiritus
588 1827 744 1913 impensus
769 1831 824 1907 est,
847 1826 928 1894 mont
952 1825 990 1892 ad
1010 1823 1047 1894 B.
1067 1823 1230 1912 Virginem
1248 1824 1310 1892 dic·

112 1938 186 1996 tum*
208 1936 267 1998 est:
296 1931 447 2018 Spiritus
472 1938 606 2002 condoce
631 1933 837 2018 augmentet
861 1933 900 2001 io
927 1936 956 2000 te
981 1935 1012 2000 et
1033 1931 1139 2000 cirtae
1160 1930 1311 1999 abisam

112 2035 311 2103 obumbrabit
334 2035 402 2104 tibi
880 2105 882 2110 .

210 2146 254 2212 lit
273 2146 350 2212 haec
370 2145 496 2230 quidem
516 2147 707 2226 natrrraliter,
732 2145 795 2212 imo
816 2167 890 2212 vero
911 2143 1192 2233 supernaturaliter,
1214 2165 1309 2229 quan·

111 2251 178 2310 tum
200 2246 240 2311 ad
259 2246 370 2326 Deum,
397 2248 591 2333 generationi
619 2249 759 2315 caelestis
785 2247 920 2314 bominis
947 2248 1085 2332 impensa
1104 2247 1191 2323 sunt;
1210 2243 1308 2330 Virgo

111 2368 184 2412 vero
205 2347 390 2414 naturaliter
410 2347 442 2414 in
456 2349 657 2434 conceptione
677 2353 710 2416 et
729 2349 952 2416 incrementum
971 2347 1045 2415 nori
1065 2345 1207 2425 hominis,
1226 2345 1310 2430 quod

110 2453 245 2514 matrum
265 2453 312 2514 est
323 2442 501 2535 proprium,
522 2450 688 2516 exhibebat
708 2451 823 2536 absque
843 2449 903 2516 riri
923 2449 1015 2516 coitu.
1057 2447 1118 2515 seo
1139 2445 1220 2514 absit
1238 2445 1312 2512 hinc

110 2551 204 2636 longe
216 2550 414 2634 phantastica
427 2551 773 2640 hummrormioruw)
794 2552 950 2640 cogitatio.
985 2550 1070 2618 Deus
1090 2547 1172 2616 enim
1184 2548 1310 2634 spiritus

40 2726 44 2736 ,
111 2656 169 2725 est;
198 2655 230 2717 et
250 2673 312 2730 eos,
340 2651 396 2735 qui
416 2651 455 2718 de
476 2653 543 2736 ipso
565 2653 713 2741 cogitant,
740 2655 774 2720 in
801 2654 914 2739 spiritu
942 2657 974 2718 et
999 2651 1158 2726 intellectu
1184 2649 1258 2716 ferri
1278 2654 1310 2717 et

110 2751 225 2816 versari
246 2755 379 2836 oportet,
403 2774 460 2818 nec
480 2753 590 2820 deduci
611 2754 650 2821 ad
669 2754 906 2844 imaginationes
929 2752 1097 2839 passibiles
1138 2751 1208 2836 Ipse
1228 2751 1309 2818 enim

110 2851 341 2934 impassibiliter
365 2858 457 2934 amat,
482 2855 549 2922 sine
574 2879 649 2924 suae
671 2857 863 2924 substantiae
888 2854 1071 2921 dehimento
1097 2857 1234 2939 generat,
1260 2852 1308 2918 in·

110 2953 307 3038 perturbatus
327 2955 471 3037 nosmtm,
490 2957 557 3024 siue
577 2981 636 3024 usu
657 2963 689 3026 et
709 2963 797 3026 motu
818 2958 1028 3024 membrorum
1046 2959 1198 3042 operator.
1238 2953 1309 3040 Ipse

110 3056 190 3119 enim
221 3055 281 3122 sibi
314 3057 353 3122 ad
384 3057 489 3124 omnia
515 3081 549 3124 se
578 3059 645 3145 ipso
678 3061 753 3126 satis
782 3065 842 3140 est,
872 3061 948 3144 quia
979 3063 1012 3124 et
1040 3058 1073 3124 iu
1097 3057 1168 3124 eliis
1196 3057 1309 3124 sanctie

109 3157 252 3223 omnibus
280 3157 393 3237 omnia,
423 3181 503 3243 quae
530 3161 715 3228 beatitudini
742 3163 927 3242 conducunt,
953 3160 1077 3227 futurus
1105 3163 1159 3228 est.
1200 3157 1309 3248 Itaque

109 3259 230 3326 divinae
251 3260 473 3344 corporationis
494 3285 573 3350 opus
594 3269 626 3331 et
645 3264 744 3332 Verbi
763 3264 915 3331 incarnati
935 3265 985 3331 rel
1013 3261 1189 3329 incarnandi
1208 3283 1308 3328 sacra·

107 3366 255 3440 mentum,
283 3367 393 3448 utpote
421 3369 529 3432 nostro
557 3366 731 3433 intellectui
756 3365 938 3452 incapabile,
965 3369 1048 3432 recte
1067 3366 1144 3444 Deo,
1172 3363 1222 3430 cui
1248 3363 1308 3430 soli

107 3470 216 3530 notum
243 3467 298 3544 cst,
323 3485 402 3550 opus
428 3488 518 3554 suum
539 3467 728 3554 reliquimus,
756 3472 793 3535 ut
812 3471 963 3536 secretum
982 3488 1074 3533 auum
1093 3465 1153 3532 sibi
1174 3464 1226 3543 sit;
1253 3464 1309 3550 qui

36 3591 39 3595 ·
106 3567 228 3633 habitat
240 3567 341 3633 lucem
362 3567 611 3650 inaccessibilem,
625 3593 719 3654 quem
738 3572 843 3637 nullus
860 3570 939 3636 vidit
955 3569 1117 3637 bominum
1136 3591 1193 3635 neo
1206 3567 1308 3634 ridere

19 3679 20 3682 ’
106 3672 217 3750 potest
252 3667 314 3734 seo
334 3671 367 3733 et
386 3668 539 3756 virginale
560 3671 771 3738 sanemarium
792 3674 824 3737 et
844 3671 1005 3758 virginelis
1025 3667 1190 3736 sanctuarii
1210 3689 1307 3734 secre-

106 3773 183 3847 tum,
203 3767 373 3835 divinitatis
391 3765 508 3836 factum
521 3772 743 3851 babitaculum,
760 3775 843 3837 recte
856 3771 1064 3858 inquisitionis
1077 3775 1201 3837 nostrae
1212 3791 1307 3835 manu

105 3891 168 3934 non
194 3869 365 3954 pulsnmue;
389 3871 444 3936 sed
469 3871 671 3939 indismssum
696 3872 906 3957 relinquentes
926 3873 1059 3960 alonge
1084 3871 1255 3936 mutamus
1276 3874 1309 3936 et

103 3991 295 4049 veneramur,
315 3970 343 4035 si
363 3971 489 4056 quidem
508 3978 600 4058 porta
619 3974 696 4040 baec
723 3979 756 4040 et
783 3973 928 4062 bitroitus
949 3977 982 4039 et
1002 3994 1141 4060 egressas
1161 3969 1307 4058 principie

100 4094 161 4171 per
191 4093 258 4138 eam
287 4077 394 4156 noetro
422 4073 596 4140 intellectui
623 4074 869 4161 impenetrabilis
900 4080 961 4155 est,
992 4095 1030 4140 eo
1058 4073 1142 4160 quod
1168 4073 1308 4138 clausum

40 4237 42 4244 ,
95 4174 182 4256 illud
203 4177 354 4240 secretum
375 4173 418 4240 sit
445 4197 503 4241 nec
523 4198 597 4243 vero
617 4175 708 4244 nobis
728 4177 808 4244 scitu
829 4175 1040 4245 necessarium
1079 4173 1172 4242 Solus
1192 4172 1307 4260 quippe

81 4278 246 4396 princeps
271 4277 360 4344 novit
383 4282 492 4363 portae
517 4277 603 4344 illius
623 4278 750 4360 editum,
776 4278 850 4365 quia
869 4279 1026 4369 ingressus
1047 4280 1079 4345 et
1098 4297 1238 4368 egresw
1258 4280 1307 4344 est

70 4415 597 4565 quemqnam,
626 4533 628 4538 -

35 4621 146 4872 f?-
459 4855 462 4862 ,
