3010 5300
458 427 795 487 ueotoonmous
1202 441 1221 500 9

22 597 166 676 condidit,
187 587 348 682 quomod
375 618 408 663 se
437 599 684 684 cognoscendum
712 604 744 664 et
771 599 961 686 diligendum
986 601 1116 677 cressit;
1143 602 1223 668 sicud

22 697 98 764 item
127 698 275 764 rationali
303 699 570 764 creaturus-uelde
596 702 737 766 naturale
767 706 822 780 est,
850 701 1000 767 lectorem
1025 725 1115 767 suum
1137 725 1224 768 verse

23 799 90 864 rice
110 799 247 887 diligere.
289 800 372 867 Num
393 800 420 866 si
441 800 496 886 qui
515 801 682 868 rationales
703 801 829 888 spiritns
841 803 943 868 Deum
965 803 1114 870 lectorem
1134 827 1223 872 suum

23 924 85 967 non
99 901 206 968 rident
226 923 283 968 neo
303 902 446 990 diligunt
467 925 505 970 ex
525 903 602 970 vitio
622 903 654 970 id
675 904 780 990 potius
798 909 929 970 ‘noturus
950 926 1043 989 quom
1065 930 1103 972 ex
1118 927 1224 974 eorum
1357 949 1361 958 ·

23 1007 134 1070 nature
155 1008 208 1070 est
252 1004 353 1092 igitur
373 1027 480 1072 omnes
508 1005 641 1090 angelici
666 1005 793 1092 spiritns
814 1010 846 1072 et
867 1006 1015 1086 homines,
1044 1009 1099 1092 qui
1120 1014 1223 1076 tomen

20 1105 62 1169 ed
83 1127 181 1170 onnos
194 1106 386 1172 discretionis
401 1112 559 1187 venerunt
579 1129 617 1172 ex
631 1107 774 1192 proprios
794 1107 980 1174 conditionis
1000 1114 1110 1176 nature
1123 1112 1223 1176 Deum

21 1228 114 1272 nosse
135 1230 171 1272 cc
192 1207 320 1294 diligere
341 1213 483 1294 possunt;
512 1209 566 1292 qui
587 1214 692 1275 temen
716 1209 749 1274 in
771 1231 807 1274 eo
834 1209 910 1293 ipso,
938 1211 1021 1294 quod
1043 1212 1224 1277 nstumliter
1317 1279 1319 1282 ,

21 1307 90 1392 epti
119 1312 200 1388 sunt
232 1332 295 1376 non
322 1311 489 1395 proficirmt
516 1309 577 1374 nisi
604 1309 752 1375 divinitus
780 1310 886 1394 adjuti
936 1311 1027 1388 Quod
1057 1333 1130 1378 sero
1160 1334 1224 1379 uon

22 1431 131 1476 omnes
159 1411 353 1496 sdjuvmrtur,
376 1435 441 1477 non
466 1435 503 1478 ex
529 1411 651 1478 defectu
676 1411 834 1496 potentiue
859 1413 909 1480 vel
933 1412 1080 1480 bonitatis
1105 1413 1226 1480 divinus

22 1517 83 1591 cst,
118 1515 171 1578 scd
206 1536 243 1578 ex
280 1513 358 1578 vitio
397 1513 549 1598 ipsorum,
583 1513 650 1598 ejus
685 1513 872 1597 odjutorium
907 1535 969 1580 non
1004 1517 1225 1600 quaerentium.

15 1599 171 1690 'Quemvis
199 1636 238 1679 ns
265 1615 367 1700 ipsum
395 1615 520 1699 quidem
547 1615 614 1680 siue
644 1615 711 1700 ipso
739 1637 886 1700 quaerere
915 1616 1035 1682 utiliter
1062 1619 1227 1696 susumus,
1267 1620 1313 1701 (θ)

22 1719 60 1780 ut
79 1720 181 1782 totum
195 1717 313 1782 bonum
334 1721 473 1783 nostrum
488 1716 593 1800 potius
613 1716 733 1804 glutias
753 1717 850 1802 ipsius
864 1731 958 1804 quens
980 1719 1099 1786 meritis
1113 1719 1226 1786 nostris

15 1819 201 1901 imputetur,
222 1823 258 1882 ut
278 1817 308 1883 ei
328 1817 387 1884 soli
407 1818 449 1883 sit
469 1818 579 1904 glorie,
601 1819 689 1902 cujus
710 1824 743 1884 et
761 1820 865 1906 glutis
885 1824 939 1887 est

124 1919 184 1985 Sed
210 1941 265 1984 our
287 1920 348 1984 isto
372 1920 595 2005 prosequimur,
619 1919 679 1985 nisi
705 1923 749 1999 ut,
776 1943 839 1986 non
864 1921 953 2005 qussi
975 1921 1142 2006 oppositos,
1162 1921 1226 1987 imo

23 2020 124 2104 mugis
144 2043 215 2087 vere
237 2022 276 2086 nd
302 2021 433 2088 invicem
459 2023 617 2108 oppositus
645 2021 815 2087 divinitatis
836 2027 868 2088 et
888 2022 1088 2089 humanitatis
1109 2023 1226 2110 engeli-

23 2142 191 2204 corumque
219 2121 383 2206 spirituum
411 2129 538 2188 neturus
565 2127 787 2208 agnoscemus?
829 2123 958 2208 Alioqui
988 2125 1017 2190 si
1044 2125 1228 2191 naturaliter

23 2223 62 2286 sd
82 2223 215 2288 invicem
235 2223 406 2290 divinitatis
428 2228 460 2290 ct
480 2223 682 2290 humanitatis
702 2224 821 2289 formos
838 2225 998 2310 oppositae
1019 2229 1128 2304 omont,
1148 2247 1227 2291 nun·

24 2345 118 2406 quom
139 2323 171 2388 in
192 2345 286 2389 unum
307 2325 524 2392 subsistentem
544 2326 625 2390 uniri
643 2324 816 2409 potuissent
830 2349 838 2390 :
852 2325 932 2391 sicut
945 2325 1089 2392 videlicet
1101 2327 1227 2392 asinites

15 2429 56 2510 qet
84 2425 261 2491 humanitas
290 2448 447 2511 nunquam
477 2425 510 2492 iu
540 2449 637 2493 unum
668 2425 885 2492 subsistentem
912 2427 995 2492 uniri
1020 2431 1162 2510 possunt,
1190 2432 1228 2492 ut

15 2517 104 2590 'uuus
125 2530 219 2610 etque
245 2526 327 2592 idem
352 2528 446 2592 homo
475 2529 629 2613 perfectus
654 2531 747 2612 utque
772 2527 875 2594 asinus
900 2527 975 2622 item
997 2527 1152 2612 perfectus
1172 2527 1228 2593 sit:

25 2627 283 2710 quemadmodum
309 2629 462 2695 Dominus
483 2630 575 2695 Jesus
601 2629 750 2707 Christus,
775 2627 929 2714 perfectus
954 2629 1046 2706 Deus,
1075 2628 1228 2714 perfectis

26 2727 122 2792 etism
147 2729 241 2794 homo
267 2733 322 2809 est,
348 2753 386 2795 ex
412 2731 516 2796 enimc
541 2732 687 2797 rationali
714 2736 746 2796 et
771 2732 906 2796 humans
934 2753 1025 2814 come
1050 2731 1227 2797 subsistens.

26 2829 111 2905 Quies
138 2830 164 2894 si
193 2836 225 2895 et
253 2831 320 2915 ipsu
348 2833 388 2897 nd
416 2832 547 2906 invicem
577 2837 679 2898 essent
706 2832 862 2916 opposite,
887 2832 1027 2917 quumvis
1055 2853 1168 2918 genere
1196 2836 1229 2896 et

27 2932 127 2997 formo
148 2932 363 3016 corporeitctis
384 2939 416 2999 et
436 2934 683 3020 incorporeitatis
708 2935 871 3020 disparato,
896 2956 935 2998 ne
962 2933 1030 3018 ipso
1051 2935 1175 3020 quidem
1195 2933 1228 2998 in

15 3031 122 3101 'cirrum
144 3034 360 3101 subsistentem
386 3059 523 3122 umquem
544 3037 625 3102 uniu·
646 3037 826 3122 potuissent
867 3034 955 3102 Sicut
979 3058 1052 3102 vero
1076 3035 1229 3102 rationale

29 3145 59 3202 et
87 3139 258 3204 animatum
284 3138 419 3222 disperio
446 3143 528 3216 sunt
554 3143 586 3204 et
613 3140 652 3204 sb
678 3139 810 3204 invicem
834 3143 976 3222 sepurcts
1000 3137 1034 3203 in
1059 3137 1177 3224 engolis
1198 3141 1230 3203 et

27 3239 133 3305 bestiis
154 3239 360 3319 inveniuntur,
381 3263 462 3324 quae
487 3245 600 3319 tumen
627 3241 701 3325 quis
726 3243 762 3307 od
786 3239 917 3305 invicem
939 3261 1002 3305 uon
1023 3243 1230 3324 opponuntur,

29 3343 60 3418 in
87 3363 181 3406 urnam
205 3341 342 3407 bominis
367 3345 509 3407 naturum
534 3343 617 3408 uniri
642 3348 832 3426 potuerunt:
852 3342 897 3407 itn
925 3363 1001 3428 ergo
1026 3339 1170 3406 divinitus
1198 3345 1230 3407 et

30 3443 212 3520 humanitus,
233 3443 306 3528 quic
327 3445 366 3508 ud
386 3443 518 3508 invicem
543 3466 607 3509 non
628 3443 796 3528 oppositae,
822 3444 874 3508 sed
896 3443 985 3508 vnlde
1005 3441 1173 3526 appositae,
1194 3445 1233 3506 ut

39 3548 71 3610 tu
92 3543 231 3622 dixerim,
259 3550 388 3610 noturus
412 3551 492 3624 sunt
519 3545 550 3610 in
576 3567 673 3611 unum
697 3544 915 3611 subsistentem
935 3543 1103 3609 Dominum
1122 3542 1231 3607 Jesum
1283 3607 1285 3612 .

33 3647 185 3713 thr-istum
205 3645 288 3712 uniri
309 3648 492 3713 naturaliter
505 3633 681 3732 potuerunt,
696 3669 776 3732 quse
797 3653 901 3712 tomen
922 3644 1016 3711 etism
1037 3645 1077 3710 sb
1091 3643 1231 3722 invicem,

49 3756 63 3815 t
82 3755 192 3815 notum
213 3754 269 3827 est,
290 3749 323 3815 in
343 3755 431 3834 petre
445 3751 513 3815 Deo
534 3755 566 3815 et
586 3749 698 3835 spiritu
719 3753 826 3815 sancto
848 3754 880 3813 et
897 3747 929 3812 in
944 3747 1096 3826 omnibus,
1109 3751 1241 3832 prester,

15 3851 193 3930 ‚Christum
214 3851 391 3918 hominibus
412 3852 452 3918 nb
473 3851 606 3917 invicem
625 3851 798 3936 dispurutne
818 3853 898 3916 sunt

127 3953 274 4030 Quemvis
306 3953 389 4019 enim
421 3975 527 4019 omnes
559 3953 658 4018 suncti
688 3953 842 4031 homiues,
867 3951 947 4017 sicut
975 3949 1079 4036 ungeli
1106 3969 1231 4034 quoque

28 4055 125 4122 suncti
156 4055 257 4122 Deum
288 4055 321 4122 in
352 4079 385 4122 se
417 4055 610 4122 bubituntem
641 4054 785 4134 habeant
816 4053 998 4138 divinusque
1024 4056 1152 4118 neturus
1176 4073 1232 4137 por

28 4159 185 4225 Christum
206 4164 364 4224 consortes
385 4158 487 4224 effecti
508 4158 578 4236 sint
599 4157 645 4223 ito
662 4161 699 4221 ut
719 4157 786 4241 ejus
799 4155 971 4222 divinitatis
991 4153 1177 4220 inhabitetis
1197 4152 1231 4218 in

37 4261 169 4332 cubitum
182 4283 271 4328 verse
287 4261 338 4342 sit,
358 4283 415 4329 uec
433 4260 517 4329 uliud
532 4283 626 4346 quum
639 4258 699 4326 Dei
717 4258 903 4344 inhabitatio
917 4257 1107 4345 permaximo
1124 4277 1231 4323 eorum

48 4389 98 4433 urs
115 4365 182 4451 juin
204 4387 269 4432 esse
289 4365 396 4452 possit,
422 4364 454 4432 in
479 4365 568 4432 nullo
595 4367 699 4430 temen
721 4385 827 4430 eorum
853 4383 890 4429 eo
917 4359 1036 4429 essendi
1062 4359 1156 4427 modo
1177 4362 1232 4439 est

31 4473 284 4551 urcundmodum
305 4472 338 4540 in
359 4471 482 4539 Christo
504 4476 552 4538 est
576 4475 609 4537 ot
633 4473 700 4537 erut
720 4469 804 4536 Deus
838 4469 995 4537 muudum
1027 4465 1232 4536 reconcilians

37 4576 92 4650 idi.
136 4581 174 4648 In
203 4579 330 4648 crebris
352 4579 443 4661 enim,
471 4579 600 4668 engolis,
626 4576 750 4658 sunem,
772 4583 805 4645 et
823 4575 1010 4657 hominibus,
1034 4572 1232 4642 occidentalis
1349 4649 1359 4658 ,
