3010 5300
141 33 144 63 i

0 0 65 266 ib
101 113 134 202 1³

0 276 1 279 Ἴ
18 236 28 270 4

421 313 423 318 ’
492 309 827 370 seouocumcus.
1220 321 1260 382 29

57 488 96 550 ut
117 483 217 564 tomo,
239 483 271 549 id
292 488 339 550 eet
358 483 500 550 babendo
521 483 680 550 hominem
701 486 844 550 inventus
863 488 911 550 est
930 489 967 550 ut
987 485 1091 564 homo,
1111 508 1175 553 non
1192 488 1260 567 sibi,

56 586 109 652 sed
130 585 183 663 eis,
211 585 324 668 quibus
345 585 378 650 in
398 583 525 652 homine
553 585 704 670 apparuit
746 585 836 664 Quod
863 591 969 652 antem
995 585 1071 652 dicit
1094 591 1132 652 ut
1155 587 1260 667 homo,

56 688 219 754 veritatem
240 687 394 772 exprimit
428 686 565 754 Nomine
579 709 653 774 ergo
668 687 794 752 habitus
806 687 881 753 satis
894 687 1080 774 significavit
1092 689 1260 774 apostolus,

56 794 190 880 qualiter
210 793 334 862 timente
353 793 393 862 io
414 791 656 874 similitudinem
677 789 801 878 foetum
821 793 897 878 quia
911 814 973 859 non
987 793 1258 881 transfigsrrstioue
1378 809 1381 815 “

11 881 18 914 ¹
55 897 89 962 in
109 895 277 976 hominem,
305 895 359 962 sed
378 895 490 961 habitu
510 895 611 962 factus
632 899 680 962 est
700 899 737 960 ut
764 893 869 975 homo,
897 915 967 962 cum
987 895 1114 963 indutos
1135 901 1183 964 est
1201 898 1258 965 hc-

7 1061 15 1084 ,
55 998 147 1078 mine,
167 1019 261 1082 quen
282 997 343 1063 sibi
362 995 472 1062 uniens
493 996 721 1081 quodammodo
742 1000 837 1080 atque
857 997 1055 1063 conformans
1074 998 1258 1066 immortali·
1371 1057 1375 1063 .

54 1100 113 1166 tati
134 1097 372 1184 aeternitatique
393 1099 532 1166 sociaret
573 1096 648 1164 Nou
669 1118 744 1184 ergo
764 1095 934 1186 intelligi*)
956 1101 1088 1184 oportet
1104 1104 1258 1168 mutatum

55 1224 120 1268 esse
140 1201 279 1274 Verbum
300 1201 494 1287 susceptione
519 1201 663 1280 hominis,
688 1199 769 1266 sicut
795 1221 852 1266 neo
879 1201 1019 1266 membra
1039 1207 1123 1268 veste
1149 1203 1257 1276 induta
1331 1272 1333 1276 ,

53 1309 214 1370 mutantur
227 1325 236 1369 z
249 1303 392 1387 quamvis
412 1303 468 1370 illa
488 1302 643 1389 susceptio
664 1302 865 1368 ineffabiliter
883 1307 1059 1394 nuceptum
1079 1305 1257 1390 suscipienti

53 1406 282 1492 copularet-
302 1405 363 1472 His
383 1405 495 1484 serbis,
515 1405 670 1491 inquiunt
690 1409 796 1490 aperte
817 1405 945 1471 innuere
966 1404 1088 1472 videm
1106 1407 1256 1494 Augusti·
1289 1405 1367 1488 (29)

52 1530 119 1587 nus,
133 1507 236 1584 Deum
257 1507 318 1573 dici
337 1507 456 1574 iactum
476 1506 634 1573 hominem
655 1508 823 1573 secundum
843 1507 993 1574 habitum
1027 1505 1088 1585 Qui
1109 1512 1141 1575 et
1160 1507 1256 1593 ipsius

52 1608 270 1676 incantationis
290 1609 418 1677 modum
438 1610 547 1678 rolens
567 1607 739 1696 exprimere
760 1609 978 1698 quaerentibus
999 1609 1033 1676 in
1054 1608 1108 1679 IV.
1122 1611 1203 1678 libro
1217 1613 1256 1679 de
1347 1671 1353 1680 .

51 1715 203 1784 'Itinitnte
230 1713 267 1800 (c.
293 1709 374 1784 XX:
394 1715 450 1801 31)
478 1715 537 1784 uit:
565 1713 600 1783 si
620 1714 788 1801 quaeritur,
812 1715 881 1802 ipss
907 1714 1078 1783 incarnatio
1099 1719 1255 1804 quomodo

50 1819 133 1886 facts
152 1815 202 1898 sit,
227 1817 330 1904 ipsum
350 1817 490 1886 Verbum
510 1817 570 1886 Dei
591 1817 660 1884 dico
681 1839 806 1884 carnem
826 1817 953 1898 iactum
977 1816 1009 1884 id
1030 1821 1078 1884 est
1096 1819 1255 1888 hominem

49 1923 174 1990 factum.
215 1919 291 1990 Non
318 1925 423 1988 tamen
450 1919 484 1988 in
511 1920 580 2002 hoo,
611 1920 694 2007 quod
722 1919 848 2002 factum,
879 1924 927 1987 est
957 1940 1139 1988 conversum
1159 1925 1254 2009 atque

48 2029 211 2105 mutatum,
235 2023 289 2092 sed
308 2044 408 2104 carne,
429 2029 466 2090 ut
485 2022 660 2110 carnalibus
685 2026 890 2112 congruenter
913 2027 1085 2110 appareret
1104 2023 1253 2094 indutum

48 2128 98 2195 Ita
117 2149 190 2194 sene
218 2126 344 2206 fectum,
371 2130 409 2192 ut
436 2125 481 2192 ibi
509 2126 551 2193 sit
579 2147 642 2192 non
669 2129 792 2193 tuntum
811 2125 952 2192 Verbum
972 2125 1032 2193 Dei
1060 2130 1092 2194 et
1117 2126 1253 2194 hominis

48 2251 128 2310 caro,
149 2229 203 2296 sed
225 2232 257 2320 et
276 2229 437 2296 rationalis
459 2228 562 2295 anime
582 2227 726 2296 hominis.
768 2229 874 2313 Atque
901 2229 962 2296 hoo
986 2231 1089 2296 totum
1116 2234 1148 2296 et
1167 2229 1252 2297 Deus

48 2333 169 2400 dicatur
188 2337 316 2420 propter
329 2331 432 2399 Deum
453 2332 601 2398 ethome
622 2335 750 2418 propter
769 2330 935 2399 hominem.
971 2330 1106 2410 Quodsi
1127 2331 1252 2400 difficile

47 2435 243 2524 intelligitur,
263 2458 351 2503 mens
371 2435 432 2503 fide
452 2438 604 2522 purgetur
623 2457 643 2500 a
662 2433 798 2521 peccetis
818 2434 1001 2502 abstinendo
1022 2439 1055 2501 et
1074 2434 1157 2504 bons
1178 2457 1252 2522 ope·

47 2540 152 2606 rento.
193 2539 274 2606 Item
293 2539 488 2626 Augustinus
509 2537 542 2604 in
562 2533 668 2607 lib.'de
689 2537 854 2605 Trinitate:
875 2537 959 2605 Deus
979 2536 1062 2605 filius
1082 2537 1149 2606 Deo
1169 2537 1251 2626 patri
1337 2623 1339 2630 Α

47 2645 158 2706 natura
178 2645 225 2707 eet
245 2641 391 2726 aequalis,
412 2641 654 2708 habitu'minor.
697 2638 735 2707 1n
758 2640 860 2706 forma
880 2640 962 2707 enim
982 2639 1062 2706 servi
1082 2641 1185 2707 minor
1204 2646 1252 2709 est

46 2747 144 2828 petre,
164 2743 198 2808 in
218 2744 319 2808 forma
339 2742 398 2810 Dei
419 2742 558 2828 aequalis
579 2747 627 2809 est
647 2741 738 2828 patri
773 2741 861 2810 Idem
880 2743 948 2829 ipse
970 2763 1008 2808 ex
1028 2764 1169 2810 sermone
1186 2743 1250 2811 Dc-
1298 2830 1302 2838 ι

45 2849 131 2930 mini,
151 2849 353 2916 ubidicitur:
375 2849 457 2918 Non
480 2849 626 2918 teroem
646 2871 701 2917 cor
723 2853 879 2918 vestrum:
905 2849 1133 2916 humanitatem
1153 2849 1249 2916 Verbi

44 2973 199 3038 purpurae
234 2951 414 3032 assimilans,
441 2951 531 3038 quasi
558 2951 708 3018 vestiatur
734 2973 797 3030 rex,
826 2952 932 3018 eadem
960 2973 1099 3038 purpura
1122 2951 1156 3019 in
1176 2974 1250 3042 rege

44 3055 198 3133 adorabar,
220 3057 312 3120 exuto
332 3075 406 3120 sero
428 3053 570 3120 minime:
598 3053 759 3133 Habitum,
780 3053 973 3140 inquiunt†)
994 3053 1196 3122 humanitatis
1216 3055 1249 3122 in

44 3154 168 3223 Christo
190 3154 313 3222 videtur
331 3155 468 3222 induere.
510 3155 591 3247 Ibem
615 3154 697 3222 idem
724 3156 763 3221 ad
783 3155 913 3222 Petrum
933 3155 972 3221 de
993 3154 1066 3222 tide:
1086 3155 1146 3223 Dei
1166 3157 1249 3224 filins
1301 3221 1305 3231 ,

44 3277 114 3326 cum
135 3258 177 3325 sit
196 3258 282 3325 Deus
302 3263 445 3325 aeternus
466 3263 498 3325 et
519 3280 618 3338 verus,
646 3278 704 3345 pro
725 3258 815 3325 nobis
844 3257 944 3324 factus
972 3261 1020 3323 est
1042 3257 1138 3324 homo
1158 3279 1249 3325 verns

43 3365 75 3427 et
95 3362 212 3448 plenus.
247 3359 284 3428 In
306 3382 343 3428 eo
364 3381 463 3441 serus,
484 3361 558 3448 quio
578 3382 702 3427 carnem
722 3361 894 3427 humanam
913 3359 1048 3445 suscepit
1068 3364 1100 3426 et
1113 3359 1249 3428 animam

41 3465 234 3534 rationalem
276 3462 372 3532 Item:
397 3463 473 3534 Non
498 3463 583 3532 aliud
607 3463 669 3531 fnit
692 3463 749 3531 ills
769 3463 829 3532 Dei
853 3463 966 3530 summi
992 3461 1160 3531 exinanitio
1187 3462 1248 3530 nisi

41 3566 160 3636 formae
185 3569 305 3636 servilis
326 3569 427 3636 idest
454 3571 584 3636 naturae
609 3566 764 3636 hemmae
785 3567 947 3655 susceptio.
989 3565 1128 3654 Utraque
1149 3566 1248 3656 igitur

41 3675 89 3737 est
108 3672 141 3738 in
155 3671 279 3740 Christo
293 3670 404 3752 forme,
424 3672 499 3757 quio
518 3675 650 3757 utraque
664 3691 738 3737 rere
759 3675 791 3738 et
810 3671 904 3756 plena
924 3674 972 3736 est
990 3667 1160 3736 inOhristo
1174 3669 1246 3736 sub-
1322 3735 1326 3746 ,

39 3773 164 3854 enea
178 3773 283 3841 divina
302 3773 420 3842 scilicet
441 3779 473 3840 et
485 3772 629 3842 humana
659 3770 740 3839 Item
759 3772 792 3838 in
812 3772 894 3840 libro
908 3776 1016 3840 contra
1028 3769 1246 3839 Maximinum:
1264 3857 1269 3868 Ι

38 3865 117 3944 (ium
147 3881 233 3975 esset·
254 3898 310 3962 per
330 3898 363 3944 se
390 3876 495 3964 ipsum
521 3874 694 3956 invisibilis,
721 3874 853 3942 risibilis
880 3874 913 3941 in
940 3873 1067 3941 homine
1094 3872 1245 3961 apparuit,

32 3999 133 4068 quem
168 3979 353 4047 desemine
383 3979 538 4066 suucipere
569 3979 715 4066 dignatm
746 3982 800 4046 ast
849 3977 929 4046 Item
957 3977 991 4044 in
1022 3977 1143 4044 ecdem
1176 3975 1245 4046 Nos

23 4081 197 4170 Christum
210 4081 389 4152 Dominum.
410 4104 518 4150 rerum
538 4081 697 4150 hominem
717 4081 886 4170 suscepisse
906 4067 1057 4148 credimus
1077 4083 1110 4146 et
1128 4077 1243 4166 inipso

4 4183 202 4280 (isibiliber
224 4186 413 4255 invisibilem
437 4185 615 4254 hominibus
640 4185 826 4271 apparuisse,
854 4185 888 4254 in
911 4185 980 4272 ipso
1000 4183 1082 4251 inter
1101 4182 1243 4252 homines

0 4363 15 4394 ᾖ
58 4293 254 4358 nrersotam
282 4287 387 4370 trisse,
414 4289 448 4356 in
475 4287 543 4376 ipso
571 4288 611 4354 ab
639 4287 817 4355 hominebus
845 4288 983 4354 humans
1008 4285 1181 4373 perbrlisse,
1208 4285 1243 4352 in

137 4492 325 4570 cremum
340 4493 421 4553 sose.
437 4521 471 4537 -
485 4495 513 4564 p
530 4491 620 4564 uque
636 4492 681 4565 (a).
811 4463 814 4470 ’

2 4740 102 4805 si

95 4789 231 4875 ’,ψ
