3010 5300
470 413 473 420 '
563 427 896 489 aeoaooamous.
1288 441 1331 504 ⁶7
1384 457 1393 482 ι

13 605 15 618 “
128 595 415 681 usrupasetsed
442 599 500 664 has
528 599 654 665 naenias
682 598 829 686 perfidiae
853 621 943 666 aures
968 599 1131 688 religiosae
1152 601 1232 668 lsrre
1252 625 1332 688 quo·

126 700 221 768 modo
242 702 409 786 poterunt?
448 701 555 786 Atque
581 701 700 768 utinam
729 703 840 769 saltem
868 701 1065 788 impatienter
1085 703 1271 784 audirentur,
1297 708 1333 771 et

127 801 161 867 in
181 801 303 889 augulis
324 801 550 870 mussitantur!
591 802 685 871 Nunc
705 825 778 870 raro
799 809 831 870 et
854 803 889 870 in
907 804 1021 872 scholis
1050 805 1182 891 publicis
1203 807 1332 874 docetur
1390 791 1447 856 is

127 909 221 992 atqua
242 905 275 970 in
296 906 498 973 conventrlsus
526 906 741 974 aeclesiasticis
762 911 794 974 ct
814 927 917 974 coram
942 907 1092 994 episeopis
1120 908 1245 994 impune
1266 909 1330 975 cla-

126 1007 264 1088 mitatur,
285 1007 442 1076 camum
463 1009 496 1076 in
518 1031 555 1078 ao
576 1011 660 1096 quod
681 1011 776 1077 homo
802 1015 849 1077 est
870 1016 903 1078 at
929 1011 1152 1078 resurreetione
1173 1017 1205 1078 et
1225 1034 1330 1078 ascen
1368 1015 1454 1097 (66)

125 1111 211 1177 sione
231 1111 440 1198 glorificatum
461 1114 501 1179 ad
520 1117 667 1199 paternae
686 1113 807 1200 gloriae
828 1114 1049 1199 aequalitatem
1069 1127 1133 1180 non
1147 1115 1330 1201 pervenisse,

124 1214 178 1278 sed
198 1213 231 1278 in
251 1215 386 1298 quodam
407 1213 525 1280 minore
546 1214 656 1300 gloria,
675 1236 769 1299 super
789 1236 896 1280 omncs
916 1221 1020 1282 tamen
1040 1218 1177 1302 angelos,
1190 1218 1329 1296 existere,

124 1336 181 1380 nee
202 1315 357 1382 ullatenus
385 1317 467 1402 patri
495 1316 545 1384 rel
572 1317 606 1382 in
634 1317 775 1402 potantia
802 1317 913 1384 velia
940 1317 1092 1403 sapientia
1120 1322 1175 1384 aut
1200 1319 1234 1384 in
1261 1319 1327 1384 ullo

10 1439 11 1476 2
123 1417 207 1484 bono
228 1423 395 1504 aequatum
421 1441 487 1486 esse
514 1440 572 1485 nco
599 1440 737 1504 unquam
761 1417 888 1505 aequari
917 1440 1016 1504 possa
1043 1421 1206 1487 afferentes
1226 1419 1327 1486 insui

122 1541 230 1586 sensus
250 1521 450 1588 mentionem
471 1522 572 1607 primo
591 1521 799 1589 Athanasium
820 1521 853 1588 in
873 1521 1026 1608 symbolo,
1047 1521 1131 1607 quod
1151 1523 1328 1609 frequerum

122 1622 260 1702 ecclesia,
274 1623 442 1691 dicenmm:
463 1624 613 1710 Aequalis
628 1624 711 1710 patri
724 1625 891 1692 secundum
905 1623 1108 1704 divinitatem,
1121 1625 1226 1692 minor
1238 1631 1326 1712 patre

121 1727 289 1792 meandum
309 1727 543 1795 humanitatem
574 1727 635 1794 Sed
656 1727 758 1812 primo
780 1731 835 1806 est
856 1732 892 1792 ut
912 1728 1019 1806 sciant,
1040 1727 1246 1795 Athanasium
1266 1728 1326 1793 hoe

120 1847 184 1893 non
212 1829 250 1896 de
278 1850 344 1908 suo,
371 1831 425 1896 sed
456 1830 493 1897 da
522 1829 675 1918 evangelii
702 1829 790 1896 lente
817 1829 990 1914 protulisse
1037 1829 1088 1896 Ad
1115 1829 1326 1916 evangelicum

9 2001 10 2006 γ
121 1951 195 2016 ergo
217 1931 336 1998 iontem
357 1931 474 2017 pariter
494 1953 565 1998 cum
586 1931 759 2000 Athanasio
784 1952 986 2013 recurramus,
1012 1937 1048 1998 ut
1068 1954 1107 1998 ex
1128 1932 1325 1999 dicendorum

120 2033 220 2098 causis
252 2039 284 2098 et
316 2035 507 2121 temporibus
541 2035 781 2122 intelligentiam
811 2034 965 2100 dietomm
995 2057 1160 2102 mamas
1213 2035 1325 2101 Adhuc

63 2147 70 2166 ·
120 2133 203 2199 enim
224 2135 366 2202 mortalis
383 2135 511 2222 jamque
531 2136 625 2204 morti
646 2137 815 2220 proximus,
836 2157 1039 2221 praemonens
1053 2135 1221 2223 discipulos
1242 2159 1324 2215 suos,

8 2251 10 2262 ’
119 2261 159 2305 ne
179 2240 378 2310 turbarentur
399 2243 433 2310 in
453 2248 552 2310 morte
572 2243 678 2330 ipsius,
698 2243 743 2309 aie
764 2244 886 2309 locutus
906 2247 968 2308 est:
990 2242 1070 2310 Noa
1098 2243 1244 2310 trostmar
1270 2265 1324 2310 cor
1365 2299 1367 2302 .

118 2353 258 2416 nesteron
283 2371 387 2436 aspra
415 2349 573 2436 fumidst.
619 2349 764 2418 Audistis
784 2349 864 2434 quoia
886 2371 939 2436 epo
960 2350 1034 2417 dici
1059 2348 1160 2416 volu:
1188 2349 1272 2416 Vade
1292 2353 1323 2417 et

118 2455 211 2524 vene
244 2457 289 2524 ud
321 2480 384 2526 vos.
442 2457 482 2525 Si
518 2457 691 2546 diliperetss
722 2479 782 2539 ose,
815 2457 998 2544 postularetis
1028 2457 1139 2548 relique
1170 2455 1247 2540 perio
1279 2456 1323 2522 ud

114 2567 242 2646 patrem
263 2565 360 2649 eodm
390 2565 470 2650 prtia
495 2569 593 2649 poter·
620 2563 725 2648 rssujor
753 2585 802 2630 ose
830 2567 884 2631 est.
929 2563 976 2630 El
1003 2583 1097 2630 arcus·
1125 2563 1198 2629 dixi
1224 2561 1320 2643 eodm,

111 2670 304 2754 passsam
325 2671 393 2756 fiat,
420 2676 459 2739 ut
480 2693 552 2738 urm
573 2669 696 2755 [actuum
717 2669 819 2755 fuerit
841 2669 983 2737 amatu.
1026 2668 1108 2736 Eece
1134 2669 1213 2748 fons,
1240 2669 1321 2736 unde

117 2770 306 2839 Athanasius
327 2773 438 2841 hausit
480 2773 669 2840 Hauriamus
695 2771 811 2857 pariter
837 2793 908 2836 oum
929 2771 986 2838 illo
1008 2776 1040 2836 et
1060 2793 1125 2838 nos
1167 2772 1329 2840 Aestima.

6 2923 7 2926 η
115 2895 185 2941 mus
213 2873 306 2956 eninr,
326 2875 533 2942 Athanasium
561 2873 748 2962 evangelica,
767 2873 861 2940 verba
881 2894 944 2940 non
972 2873 1005 2940 in
1033 2873 1169 2940 alieumu
1197 2897 1320 2940 sensum

115 2977 286 3059 detorsisse,
306 2979 359 3046 sed
380 2977 414 3046 in
434 3000 491 3045 suo
513 2979 552 3068 (l)
574 3001 666 3046 sensu
686 2977 896 3063 assumpsisse,
917 2998 979 3064 quo
1000 3001 1020 3044 a
1040 2977 1175 3044 Domino
1197 2977 1320 3064 prolata
1364 3049 1366 3054 ,

72 3098 75 3106 ’
114 3085 195 3149 sunt
237 3081 406 3149 Videamus
427 3104 502 3169 ergo
529 3087 561 3149 et
580 3081 698 3168 pariter
719 3103 790 3148 oum
812 3079 983 3147 Athanasio
1009 3103 1047 3147 ex
1068 3079 1168 3148 causis
1188 3085 1220 3147 et
1241 3087 1318 3147 tem·

7 3239 8 3262 2
114 3185 241 3269 poribus
263 3185 462 3252 dicendorum
486 3185 726 3274 intelligentiam
752 3205 909 3250 sumamus
930 3183 1092 3252 dictorum
1134 3183 1215 3251 Vere
1236 3184 1317 3250 anim

6 3365 8 3370 ι
113 3291 261 3372 tempore,
281 3311 344 3372 quo
357 3287 418 3354 hoc
438 3288 562 3354 locutus
583 3293 630 3354 eat
642 3287 796 3354 Dominus
809 3286 909 3372 desua,
923 3287 1024 3352 adhuc
1037 3285 1178 3352 mortalis
1188 3285 1317 3370 jamque

113 3390 206 3454 morti
227 3391 395 3476 proximus,
422 3389 524 3456 minor
551 3395 640 3476 patra
668 3394 743 3467 arat,
777 3408 840 3453 non
865 3387 947 3472 quia,
975 3391 1011 3451 ut
1031 3385 1141 3452 Ariani
1161 3387 1315 3466 volebant

6 3495 7 3502 ’
112 3493 281 3558 secundum
295 3493 379 3579 qaod
397 3490 430 3557 in
444 3491 596 3578 principio
612 3491 693 3576 apud
706 3491 810 3556 Deum
823 3488 907 3554 Deus
921 3494 996 3567 arat.
1009 3489 1043 3554 in
1056 3509 1119 3574 quo
1140 3509 1212 3554 eum
1232 3509 1315 3554 creu-

6 3589 8 3608 ³
111 3602 217 3661 turam
238 3595 452 3675 aestirnobant
479 3596 533 3662 sad
553 3593 721 3660 secundum
742 3592 826 3676 quod
851 3590 947 3659 homo
967 3589 1109 3656 mortalis
1129 3611 1192 3655 non
1213 3590 1316 3656 solum

112 3703 245 3784 epatre,
265 3700 319 3766 ssd
340 3703 372 3765 et
392 3700 486 3784 paulo
507 3697 609 3764 minus
629 3696 670 3762 ab
683 3691 810 3782 'angelis
831 3692 1042 3780 minoratus†)
1063 3695 1137 3759 erat
1192 3775 1195 3782 .

211 3801 387 3868 Reddamus
407 3822 482 3888 ergo
503 3801 566 3868 sais
579 3799 663 3866 dicta
683 3797 783 3864 musis
803 3803 836 3864 st
848 3795 1049 3882 temporibus.
1070 3799 1103 3862 et
1115 3794 1153 3862 dc
1167 3798 1315 3880 tempore,

111 3925 174 3988 quo
203 3903 286 3971 diota
313 3907 398 3984 arnt,
429 3902 524 3971 simrd
552 3907 585 3969 st
611 3899 828 3967 minorationis
855 3896 1096 3984 dispensatoriae
1123 3897 1204 3964 eirea
1232 3896 1315 3963 dicha

110 4015 276 4080 teneamus.
318 4010 487 4078 Videamus
507 4013 620 4088 autem,
641 4005 716 4093 quid
736 4004 857 4108 dixerit¹
884 4004 940 4092 'Si
961 4003 1135 4092 daiperetis
1155 4024 1213 4084 ms,
1232 4022 1313 4091 pose·

109 4117 222 4185 caetu
243 4119 366 4203 eripe,
381 4117 459 4201 puio
479 4117 562 4184 cedo
584 4115 628 4182 od
643 4119 780 4200 petram
803 4111 881 4198 posia
895 4115 993 4198 peter
1013 4108 1118 4194 major
1138 4131 1187 4176 ose
1207 4115 1261 4190 est,
1283 4113 1313 4176 et

108 4245 237 4310 saepe,
259 4229 298 4291 ut
318 4227 372 4318 est,
394 4221 499 4308 neojur
519 4221 595 4306 erit·
615 4219 677 4300 sad
694 4219 732 4285 da
753 4215 907 4303 praesenti
928 4220 1066 4300 temporo
1086 4215 1217 4303 locutus,
1231 4213 1313 4298 puio

105 4335 212 4416 poter,
240 4329 352 4418 inquil,
379 4329 485 4418 major
516 4351 566 4397 me
596 4331 652 4395 est.
704 4323 789 4403 Quae
821 4324 903 4391 enim
933 4326 1014 4390 amet
1044 4320 1124 4388 ratio
1155 4317 1312 4408 gaudendi

108 4433 274 4520 discipulis,
295 4455 332 4524 oo
354 4433 438 4519 quod
459 4433 497 4498 ad
518 4435 638 4516 patrem
666 4427 726 4494 iret
745 4427 846 4508 lasus,
870 4425 957 4494 aiod
978 4427 1097 4510 patrem
1124 4421 1190 4490 iens
1209 4421 1311 4524 minor
1331 4413 1335 4440 ¹

207 4621 494 4695 armassemus.
553 4603 557 4610 '
617 4621 621 4632 ’
1125 4710 1158 4767 ⁶·
