3010 5300
207 451 252 513 38
478 439 659 498 ABNONIS
688 435 1140 496 amonitusrlluunusls
1398 524 1401 564 Ι

205 613 321 699 ancipit
341 611 482 692 formam,
502 633 597 697 quam
617 633 681 678 non
701 609 837 676 habebat
857 614 951 675 exuta
961 645 1003 658 -
1016 607 1074 688 luis.
1087 607 1224 692 inquam.
1238 595 1412 694 praemissit
1421 637 1426 644 ·

204 715 342 802 subjecit
362 715 475 795 dicens,
495 715 580 800 quod
600 712 697 803 igitur
717 711 861 800 congruit
881 711 955 778 huic
975 709 1209 799 comparationi,
1229 716 1262 778 et
1279 711 1413 797 qualiter

206 826 242 887 et
256 824 409 904 quatenus
422 820 582 904 congruat
601 814 768 884 subintulit
780 815 897 882 dicens:
917 815 977 882 Dei
998 814 1082 881 enim
1095 811 1178 880 lilius
1198 819 1297 886 semet
1309 814 1412 900 ipsum

206 920 387 999 exinanivit,
406 940 471 986 non
495 917 629 985 formam
649 940 737 984 suam
758 922 892 998 mutans,
916 918 971 984 sed
995 916 1129 983 summm
1150 915 1231 982 servi
1252 917 1412 1002 accipiens,

206 1047 311 1111 neque
323 1044 489 1090 conversus
503 1025 559 1089 aut
576 1023 798 1088 trammutatxs
811 1020 845 1087 in
861 1019 1020 1087 hominem
1038 1019 1152 1087 amissa
1165 1019 1413 1088 incommutabili

204 1127 387 1208 stoliditate,
406 1127 460 1193 sed
485 1124 518 1192 in
542 1124 777 1192 similitudinem
797 1121 959 1190 hominum
980 1122 1081 1188 iactans
1102 1126 1156 1190 est
1199 1121 1269 1208 lpse
1289 1144 1412 1208 aucep·

205 1237 387 1299 terrerum
414 1227 573 1296 hominem
600 1227 794 1314 suscipiendo
815 1231 854 1306 et
868 1225 979 1293 habitu
999 1223 1144 1294 inventus
1173 1225 1413 1307 catathema,

102 1336 168 1417 (38)
203 1337 227 1406 i.
249 1361 275 1405 a
296 1338 438 1405 habendo
465 1335 624 1403 hominem
652 1335 796 1402 inventus
824 1336 872 1401 est
899 1338 936 1400 ut
962 1333 1068 1412 homo,
1096 1351 1161 1397 non
1186 1329 1254 1410 sibi,
1280 1329 1334 1395 sed
1360 1329 1412 1410 eis,
1451 1321 1456 1327 ’

204 1441 321 1528 quibus
341 1440 375 1506 in
394 1439 522 1506 homine
543 1437 697 1525 apparuit
729 1437 820 1516 Quod
840 1441 945 1502 autem
970 1435 1045 1503 dicit
1064 1443 1102 1506 ut
1124 1438 1226 1520 bosco,
1251 1437 1412 1504 veritatem

204 1543 361 1630 exprimit
391 1541 529 1610 Nomine
549 1562 624 1628 ergo
646 1539 771 1607 labina
790 1539 866 1606 satis
886 1539 1075 1628 significarit
1088 1541 1257 1628 apostolus,
1279 1539 1414 1626 qualiter

204 1651 320 1718 dixerit
352 1650 390 1718 in
418 1647 671 1718 aiunlitudinem
699 1647 868 1714 lmrrcirunu
888 1645 1005 1731 fustan.
1048 1647 1129 1726 Quoia
1156 1668 1218 1714 non
1246 1647 1412 1734 transfigu-

204 1753 328 1820 ratione
347 1752 381 1819 in
401 1751 570 1830 hominem,
596 1750 651 1816 sed
679 1749 789 1817 babitu
810 1750 911 1817 factrus
932 1753 980 1816 est
1007 1755 1044 1817 ut
1063 1751 1166 1830 homo,
1193 1773 1264 1817 cuni
1286 1751 1413 1816 indutus

134 1861 137 1870 '
205 1855 433 1934 estlromurern.
453 1876 547 1940 quem
567 1853 627 1920 sibi
641 1853 751 1919 amiens
771 1857 803 1919 et
816 1853 1013 1920 conlonnans
1033 1853 1260 1920 immortalitati
1282 1853 1412 1920 aeterni·

204 1959 327 2044 tah'qua
346 1957 487 2024 sociaret
518 1956 593 2024 Non
614 1977 688 2044 ergo
709 1955 844 2042 intelligi
865 1959 998 2040 oportet
1016 1959 1171 2022 mutatum
1192 1979 1258 2022 esse
1272 1955 1411 2022 Verbum

204 2061 405 2146 susceptibile
434 2059 583 2139 hominu,
613 2059 695 2125 sinit
728 2079 785 2124 nec
815 2059 955 2125 membra
985 2062 1070 2125 veste
1104 2057 1213 2124 induta
1243 2063 1412 2138 mutantur,

204 2164 350 2250 quamvis
369 2163 426 2230 illa
445 2161 600 2248 sumceptio
622 2160 820 2228 ineffabiliter
840 2165 1017 2246 susceptum
1042 2161 1221 2246 samcipienti
1243 2161 1411 2246 copularet.

205 2267 269 2333 His
288 2265 458 2352 arpenni
478 2265 568 2332 dietis
594 2263 741 2351 pensatis·
757 2263 862 2348 palam
883 2267 939 2342 est
965 2263 1068 2349 ipsum
1096 2284 1158 2330 non
1178 2267 1244 2356 tam
1269 2262 1410 2330 habitum
1431 2273 1433 2278 “

205 2369 364 2434 hunuanus
388 2367 506 2434 formae
534 2367 567 2432 in
588 2365 720 2445 Christo,
747 2386 842 2450 quam
869 2363 991 2431 dvinae
1018 2365 1262 2452 permanentiam
1283 2369 1412 2430 naturae

205 2471 380 2550 addmere,
413 2469 495 2536 sicut
526 2468 677 2536 Boethium
711 2489 849 2555 quoque,
883 2467 1128 2553 pennanentiam
1163 2471 1343 2533 naturarum
1378 2467 1411 2533 in

205 2573 333 2642 Christo
346 2574 516 2650 adstruens
536 2571 770 2639 similitudinem
791 2592 922 2637 coronae
937 2569 1066 2637 adduxit
1075 2591 1122 2636 ex
1137 2593 1213 2636 auro
1235 2573 1267 2636 et
1280 2570 1411 2656 genmiis

205 2675 403 2753 mbmfaeme,
423 2675 559 2758 qualiter
586 2695 624 2739 ex
645 2673 764 2739 duabsu
791 2678 824 2740 et
851 2671 883 2736 in
914 2672 1034 2738 duabus
1061 2671 1181 2738 natiuis
1201 2672 1410 2741 camussia

204 2777 283 2844 Non
309 2776 393 2862 qnod
424 2775 595 2842 similitudo
622 2774 727 2841 vesun
754 2775 805 2840 vel
833 2795 965 2840 coronae
993 2775 1032 2840 ad
1062 2775 1294 2860 exprimendam
1324 2773 1412 2842 illam

204 2879 474 2964 mpernaturalem
501 2883 682 2944 naturamm
710 2877 856 2944 unionem
883 2877 1024 2944 sulficere
1052 2878 1216 2964 putaverit
1266 2877 1300 2946 Si
1329 2880 1412 2946 enim

204 3003 266 3046 nec
285 2981 341 3046 illa
359 2979 512 3046 nummulis
538 2979 677 3064 corporis
699 2983 730 3045 et
757 2977 878 3044 anianae
898 2980 973 3045 unio
995 2980 1033 3046 ad
1054 2981 1281 3065 expressionem
1306 2982 1412 3068 singu·

205 3081 283 3149 laris
310 3081 395 3148 illius
425 3081 550 3148 unionis
581 3081 663 3148 inter
686 3079 826 3146 Verbum
854 3084 887 3146 et
913 3080 1072 3146 honiinem
1099 3082 1176 3148 satis
1204 3087 1259 3160 est,
1294 3088 1412 3167 (poento

204 3183 311 3250 mium
331 3183 387 3250 ssla
406 3182 586 3263 artificialia
606 3182 675 3248 auri
696 3187 728 3247 et
747 3202 950 3270 gennuanmu
963 3182 1140 3249 vestimenti
1161 3188 1193 3249 et
1212 3185 1316 3250 vestiti
1338 3185 1411 3251 unio

179 3285 349 3350 sufficere
376 3284 555 3350 arbitranda
583 3289 637 3352 est
679 3283 771 3350 Unde
799 3290 831 3349 et
856 3284 892 3351 B.
913 3283 1109 3370 Atngsutinus
1136 3285 1245 3351 asserit
1271 3286 1304 3352 iu
1324 3309 1411 3372 pme-

204 3387 310 3453 missis
329 3409 393 3453 non
412 3390 589 3471 permutato
610 3385 724 3464 Verbo,
751 3384 831 3451 aierit
856 3407 913 3451 neo
938 3385 1078 3451 membm
1104 3391 1188 3452 veste
1215 3387 1324 3454 induta
1343 3411 1411 3453 mu·

204 3493 322 3569 tantur,
341 3487 537 3574 susceptione
551 3489 607 3554 illa
624 3487 823 3554 ineffabiliter
836 3491 1012 3572 susceptum
1030 3487 1209 3571 suscipienti
1223 3491 1411 3575 copulatum

204 3591 295 3669 Quae
321 3591 430 3675 ntique
457 3590 613 3676 susceptio
640 3590 805 3656 ineffabilis
832 3611 896 3656 non
917 3593 1006 3668 meet,
1033 3589 1060 3655 ri
1081 3590 1188 3676 aliqua
1208 3591 1412 3658 similitudine

205 3691 397 3759 munaum
418 3692 469 3758 vel
489 3692 696 3759 artificialium
717 3691 907 3758 sufficienter
927 3691 1058 3778 exprimi
1079 3693 1203 3760 valeret

308 3793 398 3873 Quod
427 3797 533 3860 autem
554 3817 594 3861 ne
621 3795 814 3860 naturalibus
841 3793 966 3880 quidem
994 3794 1126 3879 exprimi
1146 3797 1258 3875 valeat
1286 3819 1324 3861 ex
1351 3797 1412 3863 hoc
1449 3808 1455 3814 '

204 3901 319 3982 patens
339 3901 395 3975 est,
422 3897 515 3982 qnod,
543 3917 614 3963 cnm
635 3896 716 3964 inter
743 3919 867 3964 camera
897 3902 929 3963 et
948 3895 1093 3977 andaoni,
1120 3921 1201 3983 quae
1222 3898 1411 3964 diversorum

203 4019 365 4084 generum,
393 3999 425 4063 id
446 4002 495 4064 est
513 3997 682 4084 corporalis
706 4003 740 4064 et
760 3997 963 4083 incorporalis
990 3999 1207 4067 subsistentiae
1226 4005 1308 4080 sunt
1336 4003 1411 4067 unio

205 4103 297 4166 unta
315 4099 365 4178 ait,
385 4105 422 4166 ut
441 4099 545 4166 anima
565 4121 699 4184 quoque,
719 4099 800 4167 sieut
819 4101 908 4167 aiunt
928 4101 1056 4187 physici,
1076 4101 1242 4186 qualitates
1263 4103 1412 4186 quasdam

204 4223 228 4267 a
248 4201 462 4286 complexione
475 4201 613 4287 corporis
633 4203 746 4281 trabat,
765 4207 802 4268 ut
822 4207 877 4282 est,
897 4202 1137 4270 melancholicos
1158 4225 1225 4270 esse
1244 4202 1412 4284 instabiles,

203 4301 317 4368 metris
336 4303 555 4388 componendis
575 4308 674 4388 aptos,
695 4304 922 4390 phlegmatiooa
942 4303 1047 4369 animo
1068 4303 1191 4389 quietos
1213 4310 1245 4370 et
1265 4309 1412 4384 maturos,

119 4449 121 4452 -
203 4403 461 4492 unguinolentos
480 4403 606 4494 ingenio
619 4403 762 4486 fervidos,
782 4405 881 4474 laetos
901 4409 935 4472 et
947 4405 1133 4486 anneabiles,
1150 4405 1321 4473 cholericus
1335 4407 1411 4472 item

204 4505 393 4595 ingeniosos,
411 4508 465 4574 sed
485 4507 662 4602 irascibiles.
694 4508 785 4587 Quod
799 4507 858 4574 etsi
878 4507 923 4575 ita
936 4512 992 4587 est
1012 4531 1077 4574 non
1096 4513 1201 4575 tamen
1215 4507 1412 4576 excusabitur

203 4607 317 4678 anima
335 4607 449 4676 talibus
475 4609 612 4678 motibus
637 4609 750 4677 vitiose
777 4610 887 4678 dedita
930 4610 1068 4678 Possunt
1088 4611 1171 4677 enim
1192 4609 1286 4678 iidem
1306 4615 1410 4678 motu
