3010 5300
466 337 808 398 nnonoonuroos.
949 329 951 334 ’
1197 347 1235 409 19

33 509 140 576 haberi
154 515 271 596 poeeet;
291 511 379 596 eujus
399 513 432 577 ot
444 532 565 596 eponae,
583 509 643 576 Dei
656 509 800 577 videlieet
812 509 917 595 patria,
931 515 999 576 tota
1017 531 1095 598 gena
1107 511 1237 578 Judaioa
1271 513 1359 594 (19)

32 634 124 696 saepe
144 611 178 677 in
198 612 357 698 prophetis
378 617 488 679 vocatu
514 617 569 690 eet,
596 611 729 678 maxime
750 612 824 698 quia
848 613 887 678 de
910 612 979 698 ipea
1003 611 1036 678 iu
1062 613 1122 679 fide
1147 615 1237 679 unius
1358 681 1361 688 ,
1491 629 1493 635 ·

0 795 1 800 ¹
31 715 91 782 Dei
110 715 334 800 perseverantie
356 715 386 781 ei
410 715 578 781 seeundum
606 735 730 781 earnem
758 714 841 781 lilius
863 720 943 782 anet
969 715 1151 782 naseitume·
1192 718 1238 782 nt

0 817 125 902 thuq'us
151 817 254 902 gentis
284 817 403 903 optima
430 816 532 901 portio
554 815 591 883 B.
611 814 701 902 virgo
721 815 821 882 Maria
846 815 957 896 extitit,
986 839 1066 902 quae
1086 817 1237 905 singulari

31 919 197 1006 privilegio
218 919 258 984 ad
278 918 340 984 hoe
360 917 482 984 divinae
501 917 712 1005 generationis
733 938 811 1004 opus
832 922 899 984 erat
919 920 1108 988 assumenda
1142 919 1235 986 Prae-

30 1021 167 1088 mittitur
201 1021 299 1108 igitur
334 1020 373 1085 ed
408 1041 477 1086 eam
512 1041 643 1106 magnus
679 1019 733 1087 ille
767 1020 998 1106 paranymphus
1033 1022 1235 1110 archangelus

1 1120 2 1125 ’
30 1123 164 1204 Gabriel,
184 1122 240 1208 qui
254 1121 392 1210 Virginis
412 1121 550 1188 animum
572 1123 612 1188 ed
632 1123 816 1189 eredendum
837 1123 994 1210 singulme
1014 1123 1158 1192 videlieet
1178 1125 1234 1191 mi·

29 1227 178 1306 meulum,
198 1224 292 1291 simul
313 1227 345 1290 et
365 1225 511 1291 affectum
532 1225 572 1290 ad
592 1223 798 1292 obediendum
818 1229 1025 1312 praepararet.
1058 1227 1235 1314 Ingreditur

12 1329 68 1394 ·ed
89 1350 157 1394 eam
179 1326 307 1415 angelus
328 1330 360 1392 ot
379 1326 506 1410 plenam
525 1327 629 1413 gretia
648 1327 772 1406 salutat,
792 1331 926 1394 matrem
947 1327 1014 1394 fore
1035 1328 1068 1394 in
1080 1330 1234 1414 praesenti

11 1429 202 1509 adenunoiat,
235 1427 291 1494 filii
322 1449 436 1495 noman
462 1427 617 1515 designat,
644 1448 737 1513 quem
765 1449 913 1516 magnum
944 1450 1067 1516 quoque
1095 1429 1233 1497 iotunrm

10 1533 200 1618 tpraedioat,
229 1535 262 1598 et
291 1530 391 1597 filium
421 1553 484 1596 non
515 1529 630 1596 terreni
661 1529 827 1615 cujuslibet
857 1531 1017 1618 principia,
1048 1533 1102 1599 eed
1133 1533 1232 1599 filium

12 1634 171 1725 -altiaeimi
191 1632 430 1710 nominandum
458 1655 531 1720 rege
552 1653 678 1718 quoque
700 1633 830 1699 eundem
851 1633 951 1700 filium
972 1633 1115 1701 altissimi
1135 1637 1232 1721 patria

28 1740 61 1802 et
96 1735 226 1822 virginis
256 1733 365 1800 nutris
400 1733 539 1800 interum
573 1735 743 1818 praedicat,
778 1735 850 1802 talis
885 1735 987 1822 regni,
1022 1738 1105 1822 quod
1139 1738 1232 1804 finem

27 1838 207 1905 habiturum
227 1860 292 1904 non
312 1837 360 1905 eit
402 1837 547 1922 Dumque
567 1836 698 1904 miratur
717 1837 816 1924 Virgo
838 1841 870 1904 et
890 1837 1014 1904 modum
1034 1837 1111 1905 faeti
1130 1837 1232 1925 inqui·

26 1943 77 2024 rit,
104 1944 223 2010 dioens:
258 1943 421 2026 &mnodo
446 1943 500 2028 fiet
526 1943 624 2024 istud,
652 1943 811 2028 quoniam
836 1943 945 2010 oimm
970 1965 1041 2013 reon
1063 1945 1232 2032 oopnoeoo?
1283 1957 1290 1968 ‘

26 2047 125 2113 seiens
156 2045 302 2112 nimirum
342 2068 378 2112 ao
408 2044 585 2130 providens,
615 2065 648 2111 se
677 2045 737 2111 sibi
769 2045 808 2112 od
839 2045 1049 2132 oonoeptionie
1080 2047 1231 2134 originem

26 2170 90 2215 non
118 2149 272 2226 enituere,
307 2169 387 2234 quae
419 2147 520 2213 virum
551 2168 614 2213 non
643 2151 851 2233 cognosceret,
885 2152 918 2214 et
950 2169 1013 2214 non
1047 2169 1230 2236 oognosoere

24 2250 221 2318 decrevisset:
241 2249 398 2336 respondit
418 2250 555 2336 augelus,
576 2253 608 2315 et
628 2248 708 2315 dixit
729 2248 813 2315 ei-
834 2255 1060 2316 sacramentnm
1081 2274 1100 2317 a
1119 2251 1230 2318 seculis
1371 2323 1377 2336 ‚

24 2353 239 2420 absconditum
282 2357 315 2420 et
349 2373 507 2438 nunquam
543 2355 614 2418 ante
649 2350 789 2417 auditum
816 2388 868 2430 -,
902 2351 994 2432 dixit,
1024 2352 1161 2438 inquam,
1190 2355 1230 2434 ei,

23 2475 80 2540 por
111 2477 205 2542 quem
244 2460 325 2521 esset
363 2459 396 2520 et
438 2453 579 2539 qualibet
613 2453 834 2540 supplendum,
875 2455 959 2539 quod
994 2455 1023 2520 ei
1057 2457 1162 2522 deerat
1195 2457 1229 2522 iu

23 2579 69 2639 eo,
97 2559 180 2646 quod
208 2557 311 2624 virum
340 2581 404 2623 non
432 2559 645 2644 cognosceret,
674 2559 706 2621 et
733 2577 795 2621 non
827 2577 1010 2643 eognoeoere
1038 2557 1229 2628 decrevisset

25 2661 185 2750 Spiritus,
214 2663 326 2761 inquit,
353 2667 487 2731 sunctae
519 2662 720 2747 superveniet
750 2661 789 2730 in
821 2666 906 2730 oet
938 2663 1045 2734 uirtus
1076 2665 1229 2732 obbaimi

23 2767 223 2838 obumbrabit
245 2767 320 2851 tibi,·
340 2767 429 2854 quusi
449 2767 578 2834 diceret:
599 2767 681 2834 Tota
700 2766 822 2834 trinitus
843 2766 977 2854 implens
997 2772 1029 2835 te
1050 2770 1229 2856 operabitur

22 2871 55 2936 in
76 2877 116 2950 te,
137 2876 173 2937 ut
193 2871 315 2936 nullum
335 2869 555 2936 detrimentum
575 2869 607 2935 in
630 2867 829 2954 eonoipiendo
850 2870 1011 2936 uratineae-
1023 2892 1061 2937 ex
1083 2893 1127 2952 eo,
1144 2872 1227 2958 qnod

5 2971 122 3044 ,virum
142 2994 206 3038 non
227 2969 396 3058 eognoseia.
431 2969 499 3037 Imo
513 2991 586 3036 vero
608 2992 646 3037 ex
667 2969 727 3036 hoo
746 2970 946 3038 ineffabiliter
966 2971 1000 3037 in
1020 2973 1109 3058 prole
1129 2973 1226 3040 nasei·

1 3062 91 3146 *itura
130 3075 280 3164 ampliore
314 3075 529 3143 benedictione
563 3075 735 3145 donaberis.
789 3075 939 3163 Ideoque,
973 3076 1048 3163 quia
1085 3079 1227 3165 spiritate
1277 3147 1279 3150 ,
1388 3163 1392 3170 ⁴

5 3169 152 3253 laureolos
165 3182 371 3270 numerate
392 3181 432 3250 in
447 3186 485 3264 te,
509 3186 538 3249 et
558 3181 633 3267 quie
653 3182 760 3250 vintru
774 3182 927 3250 altissimi
942 3183 1142 3252 obumbrabit
1156 3184 1225 3269 tabi,

5 3285 75 3353 ‘fiet
95 3287 163 3367 hoo,
188 3289 232 3365 ut,
258 3283 342 3371 quod
366 3287 508 3350 nascetur
529 3304 566 3349 ex
587 3287 628 3363 te,
655 3283 728 3368 quie
752 3283 790 3351 de
811 3288 866 3350 tua
885 3285 1060 3352 substantia
1079 3290 1226 3368 sumetur,

0 3427 4 3432 „
22 3392 145 3455 roeetor
166 3388 249 3454 filius
268 3385 344 3465 Dei;
364 3386 446 3452 siout
465 3385 605 3452 Verbum
625 3406 759 3471 quoque,
779 3387 839 3452 Dei
859 3387 957 3472 patris
977 3388 1165 3476 unigenitos,
1186 3409 1225 3455 ex

0 3439 107 3602 bpatre
127 3487 325 3556 aeternaliter
351 3492 468 3566 natum,
497 3509 535 3554 ex
563 3488 623 3553 hoo
650 3488 742 3553 etin
770 3492 929 3554 aetornum
953 3489 1116 3555 vooabitor
1141 3490 1225 3557 filius
1370 3507 1375 3515 ·

0 3596 99 3660 tuns.
140 3589 216 3658 Non
236 3594 340 3657 umen
361 3589 423 3656 duo
444 3587 511 3669 filii,
531 3587 585 3656 aed
605 3608 693 3654 unus.

0 3677 2 3718 l
42 3774 46 3783 Ι
70 3687 73 3694 '
117 3693 179 3762 Sed
199 3693 289 3774 undo,
310 3691 355 3760 uit
375 3692 454 3778 quie,
481 3690 559 3758 seire
580 3711 751 3777 possumne,
772 3695 872 3758 totam
892 3694 1032 3758 sanctam
1052 3693 1223 3761 trinitatem

0 3753 260 3866 linoametionem
281 3794 339 3861 filii
359 3794 393 3860 in
412 3793 544 3881 Virgine
565 3813 631 3859 esse
651 3795 831 3878 opomteml’
864 3792 980 3873 Primo,
996 3793 1079 3880 quia,
1091 3800 1129 3861 ut
1147 3795 1223 3862 tides

6 3842 277 3994 beonetsetena,
297 3895 429 3964 indivisa
447 3898 521 3962 eunt
546 3915 641 3980 opera
661 3893 818 3974 trinitatis,
846 3899 879 3960 ot
899 3893 973 3980 quie
993 3895 1076 3962 filius
1097 3895 1164 3983 ipse
1184 3897 1222 3964 de

6 4025 47 4085 se
74 4005 206 4066 testatus
227 4005 283 4078 eet,
310 4021 344 4066 ee
371 4021 434 4064 non
462 4019 553 4084 posse
574 4019 595 4062 a
613 3995 806 4080 semetipso
834 3996 935 4064 laoere
955 3996 1133 4083 quidquam,
1160 3999 1222 4077 aad,

6 4099 165 4187 ,uidquid
179 4099 291 4167 viderit
311 4103 431 4186 patrem
451 4097 624 4177 facientem,
644 4097 706 4162 hoo
726 4101 759 4162 et
779 4095 844 4182 ipae
865 4097 1008 4164 similiter
1027 4097 1129 4168 faeiat
1160 4097 1221 4166 Sed
1276 4095 1280 4104 ’

1 4229 40 4301 5,
63 4203 194 4290 spiritus
212 4207 345 4281 mnotnm,
365 4201 447 4268 dont
467 4222 488 4267 a
505 4203 604 4267 semet
623 4198 692 4284 ipae
706 4219 770 4265 non
789 4198 936 4287 loquitur,
956 4199 1002 4266 ita
1014 4221 1071 4266 neo
1092 4204 1222 4267 aeemot
1316 4289 1319 4296 Δ

0 4383 2 4390 y
33 4353 43 4382 ‚-
62 4337 76 4367 ι
102 4309 262 4393 operatur,
289 4303 413 4383 Quanto
427 4303 529 4370 minus
550 4302 610 4369 hoo
630 4301 787 4389 n'ngulare
808 4299 1026 4368 inoarnatioma
1045 4323 1124 4389 opus
1136 4302 1220 4370 filine

25 4435 57 4502 μ
88 4408 215 4495 spiritua
235 4411 359 4476 mnetus
380 4431 401 4474 a
420 4403 613 4492 semetipsis
634 4403 735 4472 adorti
752 4404 802 4471 vel
824 4403 944 4490 operati
964 4407 1045 4486 sunl,
1065 4403 1221 4492 eedpator

38 4510 117 4604 pis
136 4532 264 4579 manens
284 4531 355 4578 eom
375 4509 421 4579 eis
442 4531 479 4578 ao
499 4529 555 4598 per
574 4528 627 4577 eoa
648 4507 724 4574 laoit
743 4527 838 4592 opera
857 4507 931 4594 ipse
969 4507 1090 4576 Deinde
1111 4529 1149 4574 ex
1169 4505 1219 4575 hia
1253 4513 1335 4603 (80)

538 4623 539 4626 ’
1030 4607 1063 4665 2·
