3010 5300
244 309 286 368 20
513 261 697 358 sunonis
722 296 1172 357 anronnnsnnnouusra

242 473 318 558 ipsis
337 471 440 560 angeli
459 471 562 538 verbis
582 472 687 558 pelam
702 476 757 553 est,
777 476 915 540 sensum
935 473 1106 540 trinitatem
1128 470 1372 538 incarnationem
1387 467 1437 534 lilii

241 576 275 640 in
295 573 426 664 Virgine
445 597 511 642 esse
531 579 699 662 operatam.
741 575 860 654 Quibus
884 575 920 643 B.
941 575 1104 663 Virginem
1128 573 1268 661 mysterii
1293 577 1437 640 secretum

242 683 383 750 eduum
412 681 571 768 Spiritu,
599 681 710 769 inquit,
735 688 870 751 sauctus
902 681 1107 768 mpemmiet
1140 683 1179 751 is
1199 685 1243 748 ‘te
1274 685 1304 758 et
1337 679 1437 746 virleu

242 788 394 858 suimus
426 788 626 856 obumbrabit
658 787 727 856 tibi
780 788 915 874 Spiritus
949 789 1033 856 enim
1064 793 1188 854 sanotm
1218 788 1252 853 in
1281 785 1437 872 Virginem

239 891 456 978 superveniens
476 891 543 978 ipse
563 913 620 958 suo
640 891 765 960 nomine
786 893 961 978 appellatos
982 896 1035 959 est
1071 891 1181 958 Virtus
1194 911 1268 957 vero
1290 887 1437 956 altissimi

238 993 364 1082 Virgini
392 994 588 1077 obumbrans,
617 994 684 1081 ipss
713 995 773 1062 Dei
806 994 888 1061 filius
916 999 971 1072 esi,
1002 995 1101 1062 virtus
1131 997 1165 1060 et
1194 993 1347 1080 sapientia
1374 991 1434 1057 Dei

238 1097 418 1166 Altissimns
442 1097 635 1178 salemoni
662 1100 695 1164 st
718 1097 801 1166 lilius
829 1097 1002 1166 auaitum
1027 1119 1066 1166 ex
1087 1097 1216 1186 Virgine
1242 1093 1437 1184 promittitur

238 1207 358 1272 eliomte
384 1205 510 1292 engela:
530 1205 597 1273 Hac
628 1205 692 1272 erit
723 1226 862 1293 meorum
894 1210 924 1273 et
955 1204 1047 1289 filisu
1080 1204 1232 1272 αῐιὲιιίιιιί
1265 1201 1437 1283 nocebitur,

237 1307 374 1394 itemque
393 1307 571 1387 altissimus,
591 1306 679 1394 eujus
692 1307 790 1374 virtus
803 1306 928 1395 Virgini
949 1307 1159 1388 obumbratur,
1177 1305 1243 1392 ipse
1256 1305 1340 1372 Deus
1353 1307 1437 1391 pater

237 1417 292 1492 est,
317 1417 354 1478 nt
373 1416 441 1478 tota
461 1410 585 1478 trinitas
605 1415 743 1478 motam
768 1408 1010 1478 internetionem
1036 1409 1094 1477 filii
1120 1410 1153 1476 in
1173 1408 1305 1497 Virgine
1326 1407 1437 1474 intelli·

235 1517 330 1602 gstnr
349 1519 485 1601 opmta
520 1513 609 1594 Quod
629 1513 816 1580 sirirtntem
837 1513 980 1581 altissimi
1001 1514 1102 1599 ipsam
1115 1513 1273 1599 propriam
1293 1515 1437 1597 paternae

236 1617 405 1704 mejestatis
432 1616 580 1685 mmmm
607 1616 826 1706 intelligemus,
855 1617 939 1704 quod
965 1617 1110 1684 videlieet
1139 1616 1205 1702 ipse
1235 1617 1321 1683 Deus
1353 1617 1437 1701 pater

234 1710 371 1810 proprie'
394 1720 611 1790 subsistentiae
641 1743 715 1788 suae
744 1720 861 1787 virtute
890 1719 1016 1809 Virgini
1050 1719 1293 1800 obumbraverit,
1328 1722 1361 1785 et
1395 1717 1437 1784 siu

234 1831 359 1894 mutae
382 1824 533 1893 talitatis
556 1823 698 1912 operatio
723 1823 756 1892 in
781 1824 873 1891 unius
897 1845 1055 1911 personne,
1080 1823 1224 1890 videlieet
1250 1821 1315 1902 lilii,
1340 1821 1437 1888 ineer-

234 1930 360 1998 natione
386 1927 585 1998 maniloehte
612 1933 672 2008 est,
700 1929 775 1996 dum
802 1927 885 1996 lilius
912 1927 946 1995 in
973 1949 1064 1996 earne
1091 1926 1278 2014 coneipitur,
1310 1924 1375 2012 ipse
1405 1945 1437 1990 se

234 2033 359 2120 propris
378 2055 470 2100 earne
495 2032 630 2099 vestiens
650 2032 838 2118 domumque
862 2031 923 2099 mhi
948 2031 1109 2118 proprium
1129 2052 1241 2117 eorpus
1261 2029 1437 2106 seditionum

233 2140 315 2206 sieut
334 2139 482 2224 scriptum
496 2144 556 2207 est:
577 2137 753 2224 Sapientia
775 2137 957 2224 aedificavit
977 2139 1041 2207 sibi
1063 2139 1201 2224 ἀοιιιιιιιι,
1223 2139 1298 2205 dum
1311 2137 1437 2224 spiritus

232 2247 356 2310 mustus
376 2241 539 2330 Virginem
559 2241 744 2328 supervenit,
763 2242 837 2308 dum
858 2246 948 2326 peter
967 2265 1023 2308 sua
1044 2241 1158 2308 virtute
1179 2239 1345 2306 obumbrat
1365 2238 1437 2305 Vir·

232 2345 309 2431 gini
348 2343 394 2411 Et
420 2343 667 2430 supernstumlie
697 2343 821 2429 quidem
852 2347 925 2410 sunt
953 2344 1031 2410 haee
1055 2342 1225 2410 ‹lirinitatis
1253 2341 1287 2407 in
1306 2340 1437 2428 Virgine

232 2469 329 2533 opern
348 2445 488 2532 nullique
508 2445 679 2513 intellectui
700 2445 990 2531 eompreheneibilia
1003 2446 1053 2512 vel
1074 2445 1247 2512 scrutanda.
1277 2443 1437 2510 Caeterum

232 2549 268 2618 B.
286 2549 388 2636 Virgo
409 2569 533 2615 omnem
553 2549 725 2615 naturalem
746 2548 794 2614 rei
815 2547 952 2633 eorporis
972 2571 1063 2616 usum
1083 2545 1244 2634 eonueptui
1265 2544 1437 2612 inchoando

232 2656 265 2716 et
284 2649 513 2738 augmentando
539 2649 670 2716 alierum
695 2670 781 2716 more
806 2654 940 2716 met-tum
965 2650 1082 2736 absque
1107 2649 1167 2716 rin'
1188 2647 1365 2736 eognitione
1386 2669 1437 2714 ex-

232 2754 343 2824 hibuit
385 2753 502 2820 Verum
528 2751 603 2838 quie
627 2753 800 2820 naturalem
824 2752 898 2819 novi
923 2751 1017 2838 hujus
1042 2752 1178 2820 hominis
1199 2774 1237 2819 ex
1258 2751 1326 2818 Deo
1347 2755 1379 2817 et
1399 2750 1437 2816 ad

231 2857 335 2924 Deum
356 2855 537 2934 filiationem
558 2859 695 2922 astruere
715 2855 852 2936 nitimur,
872 2855 924 2922 hie
949 2861 1054 2922 nostm
1075 2878 1199 2942 quoque
1221 2855 1261 2922 nd
1282 2851 1437 2920 naturalia

230 2957 429 3044 paululum*)
449 2956 596 3022 00an
620 2977 720 3024 sermo
746 2978 869 3024 neeesse
895 2962 949 3037 est,
974 2957 1019 3024 sio
1043 2963 1157 3036 temen,
1183 2961 1220 3024 ut
1244 2955 1324 3022 nihil
1349 2957 1438 3020 tanta

230 3061 394 3146 majestate
412 3059 560 3146 loquatur
579 3057 751 3146 indignum,
771 3059 852 3126 nihil
872 3064 1049 3145 praesumat
1069 3060 1275 3148 incongruum
1289 3062 1321 3125 et
1336 3081 1356 3124 a
1376 3057 1436 3123 lide

230 3163 386 3230 mtholieu
417 3161 562 3228 alienum.
613 3160 702 3228 Siout
732 3167 837 3228 noster
867 3163 923 3230 ille
953 3163 1157 3242 sdversarius,
1185 3162 1437 3240 Follis-amarus,

228 3264 381 3333 mentitus
401 3267 456 3344 est,
483 3285 542 3331 nos
562 3263 662 3330 (liuere
683 3264 733 3331 vel
757 3263 879 3346 dirime,
907 3263 1051 3352 spiritum
1079 3267 1220 3332 sanetum
1242 3285 1299 3352 pro
1320 3261 1437 3330 semine

229 3369 338 3435 divino
358 3367 392 3434 hs
410 3366 448 3434 B.
461 3365 593 3454 Virgine
612 3365 716 3446 inisse,
737 3371 799 3446 aut,
820 3389 857 3434 ex
878 3367 994 3435 semine
1015 3367 1142 3453 spiritus
1163 3367 1262 3434 saneti
1279 3365 1435 3434 Christum

229 3473 415 3558 eonoeptum
435 3472 468 3536 et
481 3473 589 3534 natum
603 3491 669 3536 esse
680 3470 793 3536 -hoo
806 3469 889 3536 enim
902 3472 1106 3537 execrandum
1126 3469 1321 3537 menducium
1335 3469 1436 3557 primo

67 3555 69 3574 ’
173 3581 176 3587 ’
229 3574 268 3641 ele
290 3594 344 3641 ore
363 3571 448 3656 illins
468 3575 577 3639 eontm
596 3593 653 3639 nos
673 3575 705 3639 et
725 3571 759 3639 in
778 3593 836 3640 nos
856 3573 1034 3641 mentientis
1055 3573 1144 3641 exiit:
1176 3577 1208 3640 et
1235 3573 1328 3658 hujus
1348 3595 1435 3640 men·

229 3675 311 3743 darii
330 3679 420 3762 pater
438 3673 494 3742 ille
514 3678 569 3755 est,
596 3679 763 3761 antequam
790 3675 867 3742 talia
891 3676 1093 3744 mentientem
1118 3677 1151 3743 in
1175 3675 1291 3764 nos.**)
1333 3678 1435 3747 Deum

228 3784 389 3861 testemur,
415 3800 575 3866 nunquam
602 3777 680 3846 haee
706 3779 918 3867 blasphemiae
945 3781 1040 3849 verba
1067 3801 1124 3848 nos
1152 3780 1192 3847 ab
1220 3780 1287 3849 ullo
1307 3781 1435 3848 homine

227 3882 392 3964 audivisse,
411 3905 451 3950 ne
471 3883 545 3951 dnm
565 3883 643 3951 talia
662 3883 838 3952 diceremus.
880 3885 925 3952 Et
948 3885 998 3952 his
1022 3906 1081 3972 pro
1106 3885 1200 3972 hm'us
1225 3882 1435 3972 blasphemiae

125 4009 128 4016 ·
228 3985 426 4054 meantem
450 4009 470 4051 e
493 3986 583 4053 nobis
609 3985 700 4053 dietis
728 3991 871 4072 eoeptum
900 3987 938 4054 (le
966 3986 1101 4054 naturali
1129 3985 1279 4055 liliahone
1298 3987 1435 4055 hominis

229 4087 347 4157 Christi
373 4089 413 4156 erl
438 4087 541 4155 Deum
567 4098 792 4175 prosequamur
818 4111 1000 4170 ses-mom,
1028 4095 1179 4176 quantum
1205 4095 1310 4157 tamen
1336 4090 1435 4168 nobis,

228 4191 353 4276 polluta
379 4190 464 4257 labia
488 4191 682 4270 habentibus,
707 4192 747 4257 sd
771 4190 851 4259 illml
874 4193 1060 4260 miraculum
1085 4193 1227 4260 weedere
1248 4191 1434 4260 anesum.

67 4233 69 4342 i
140 4291 196 4374 (tl)
226 4289 294 4361 Ubi
314 4290 411 4358 rubus
431 4291 549 4372 utens,
568 4291 622 4360 sed
642 4291 863 4374 inoombnstn,
888 4292 1046 4382 virgineae
1075 4293 1175 4361 earnis
1196 4293 1365 4362 cernendus
1387 4296 1435 4358 est

331 4475 529 4550 ‘liem-
494 4477 805 4553 -NJmbimw
819 4479 1432 4540 hemsdsimilisroxinmsdssideretnr.
