3010 5300
1418 272 1423 347 l

203 479 246 539 ιι
490 466 675 527 aeroma
697 463 1158 526 snronsssrnaonrsrs.

98 625 106 646 ⁶
200 643 349 710 mann
374 640 517 730 rugant·
537 638 718 727 sompno,
742 638 803 706 aar
828 637 1032 707 stomoma
1056 637 1116 706 aar
1136 637 1252 706 visua
1273 634 1423 716 ouans

199 744 420 813 brundab'ons
448 744 535 812 illins
556 743 677 832 gratias
697 743 847 810 dissolute
872 741 990 809 tuimet
1031 741 1103 810 Hoo
1131 761 1206 829 argo
1228 743 1284 820 est
1311 740 1423 806 rubum

199 847 376 934 virgineae
395 847 497 913 earnis
517 851 549 914 ot
573 845 694 912 animae
718 843 952 932 superveniente
977 843 1012 910 in
1035 867 1069 912 se
1093 843 1205 930 spiritu
1232 846 1349 922 saneto,
1369 841 1424 928 qui

87 956 90 981 ¹
198 948 365 1014 nimirum
381 947 479 1014 slirini
499 947 612 1013 amoris
631 946 714 1035 ignis
728 952 785 1025 est,
804 947 1001 1012 vehementer
1014 946 1132 1026 msisse,
1152 947 1206 1012 sed
1219 944 1423 1011 obumbrante

199 1051 309 1118 eidem
349 1050 468 1117 virtute
498 1047 640 1117 altissimi
672 1046 901 1116 inoombustum
933 1046 1144 1134 permansisse.
1200 1046 1315 1114 Parnm
1348 1065 1423 1112 vero

198 1152 329 1220 ‹liotrrrn
353 1158 411 1232 est
430 1153 543 1220 rubum
562 1151 766 1238 permansisse
786 1151 1028 1228 incombustum
1048 1149 1201 1218 imovero
1222 1151 1314 1216 deoor
1333 1148 1367 1215 in
1386 1171 1423 1216 ea

83 1290 84 1326 ι
200 1277 241 1321 ax
262 1255 328 1322 tali
352 1253 427 1321 talis
446 1275 484 1320 ae
503 1252 583 1320 tanti
603 1251 662 1320 filii
681 1253 882 1338 oonoeptions
903 1253 936 1317 et
953 1256 1046 1338 partu
1067 1251 1290 1337 multiplicatum
1311 1257 1367 1318 est

307 1355 404 1422 Haeo
424 1361 537 1446 autem
557 1355 632 1422 lieet
651 1376 706 1422 ore
725 1355 853 1442 indigno
874 1357 906 1421 et
931 1353 1052 1420 utinam
1072 1354 1123 1421 rel
1143 1355 1235 1420 eorde
1259 1353 1363 1442 digno,
1383 1354 1423 1419 ad

82 1488 83 1510 ι
200 1459 266 1524 boo
294 1459 484 1546 dssigmtius
511 1479 726 1544 exsequamur,
754 1461 791 1522 nt
816 1477 855 1523 er
885 1455 1078 1522 naturalibus
1105 1456 1157 1523 vel
1184 1457 1288 1542 potins
1316 1477 1422 1542 super·

200 1561 410 1628 naturalibus
431 1559 661 1646 operationibus
674 1559 735 1626 Dei
754 1558 927 1625 naturalem
947 1557 1047 1625 lilium
1059 1557 1120 1625 Dei
1132 1558 1302 1626 Dominum
1313 1558 1337 1625 J
1336 1579 1422 1624 esum

82 1649 84 1660 ’
202 1663 305 1730 etiarn
346 1663 514 1730 semotum
544 1683 678 1742 earnem
709 1664 862 1748 quatenus
892 1681 1063 1748 pomumua
1095 1661 1297 1728 ostendum
1346 1659 1423 1739 Qui!

82 1760 84 1814 !
204 1766 292 1833 urim
323 1765 558 1855 generationem
588 1764 677 1832 illam
705 1763 880 1832 enarrabit?
909 1763 979 1849 quis
1007 1763 1114 1849 eloqui
1140 1763 1310 1830 sufficeret:
1338 1763 1421 1842 Quo·

203 1870 303 1937 modo
327 1873 514 1957 coqioratur
533 1866 693 1936 Verbum?
716 1868 873 1954 quomodo
894 1888 1031 1934 summus
1052 1870 1085 1934 et
1105 1865 1276 1934 vivitioator
1295 1865 1421 1952 spiritus

82 2020 84 2066 ι
205 1971 294 2039 intra
314 1978 441 2040 uterum
455 1971 594 2060 Virginis
614 1971 788 2038 animatur?
808 1971 973 2058 quomodo,
987 1969 1042 2057 qui
1056 1973 1123 2038 erat
1143 1972 1270 2050 creator,
1283 1970 1320 2036 lit
1337 1992 1420 2036 orea-

205 2079 301 2141 tura?
345 2074 407 2142 Sed
434 2075 496 2141 hoo
524 2074 636 2155 solum,
663 2079 767 2140 utrum
788 2096 827 2140 ex
855 2073 1050 2140 naturalibus
1078 2077 1110 2140 et
1136 2072 1421 2159 supernaturalibus

82 2205 84 2274 l
207 2177 314 2242 oannis
334 2176 492 2242 naturales
512 2179 544 2243 et
564 2177 811 2262 supernaturales
832 2175 967 2255 effectis,
988 2175 1193 2242 ostendamus
1227 2173 1422 2241 Naturaliter

82 2303 84 2343 ι
207 2277 296 2344 enim
319 2278 426 2345 (lisina
446 2282 479 2344 et
497 2278 635 2344 bumana
654 2281 764 2344 natura
789 2277 824 2343 in
848 2299 943 2343 nnam
967 2299 1131 2364 personam
1156 2297 1337 2343 eonourrere
1357 2291 1423 2341 non·

209 2380 399 2466 petiissent
418 2378 480 2446 nisi
500 2403 562 2447 nna
582 2379 709 2447 altanus
722 2401 830 2464 capax,
850 2381 882 2446 et
903 2379 1001 2444 altera
1020 2377 1110 2444 alteri
1124 2375 1273 2462 oapabilis
1293 2381 1420 2442 natura-

83 2485 84 2560 ]
208 2481 471 2550 litersxtitimet
509 2478 1422 2600 Insuperantemetviainunumeoaonrlinatrnmt

210 2583 359 2665 diximus,
378 2585 527 2652 naturalis
547 2587 647 2653 eleota
667 2569 722 2665 e‘st
742 2583 925 2671 quatenus’
915 2607 950 2665 ιιι,
971 2585 1026 2671 qui
1046 2583 1220 2651 naseiturus
1241 2587 1317 2663 erat,
1336 2587 1421 2650 totus

83 2687 84 2695 ’
210 2685 308 2766 Deua
328 2690 415 2753 totos
436 2693 468 2754 et
494 2688 597 2767 borno,
625 2691 710 2754 totos
737 2687 820 2754 lilius
841 2687 909 2767 nsi,
938 2691 1023 2753 totus
1051 2691 1083 2752 et
1110 2687 1193 2753 filius
1220 2687 1421 2753 intemeratae

82 2821 83 2878 ι
211 2787 357 2878 Virginis
376 2789 528 2858 existeret
569 2789 650 2868 Quid
672 2791 754 2857 enim
775 2789 809 2855 in
828 2789 888 2856 hae
908 2789 1109 2875 eonoeptione
1129 2811 1194 2856 non
1214 2791 1364 2870 naturale,
1385 2796 1421 2858 ut

83 2883 85 2909 ²
213 2893 245 2954 et
263 2890 378 2977 Virgo,
399 2913 478 2976 qnae
498 2891 547 2956 sui
566 2891 689 2978 generis
710 2898 742 2957 et
762 2913 853 2957 sexus
879 2897 967 2958 erant
979 2891 1114 2976 propria
1133 2896 1166 2958 et
1186 2894 1348 2972 muralia
1369 2917 1420 2960 ex·

83 2997 84 3006 ’
211 2989 328 3070 hibuit,
355 2991 557 3058 substantiam
585 2993 728 3059 videlieet
754 2993 803 3058 sni
830 2992 968 3077 eorporis
996 2993 1158 3078 eonooptui
1186 2993 1362 3062 inchoando
1388 3001 1420 3062 ot

214 3092 448 3179 auganentando
469 3094 627 3178 praebens,
648 3099 681 3160 et
700 3093 867 3160 altissimus
887 3098 976 3179 pater
996 3094 1136 3161 Verbum
1162 3117 1252 3161 suum
1273 3096 1419 3163 immanu-

82 3175 84 3222 l
212 3193 315 3260 latmn
341 3217 445 3261 semen
472 3197 503 3262 in
531 3218 587 3262 oor
618 3199 650 3262 ot
669 3201 793 3262 uterum
813 3195 953 3283 Virginis
974 3197 1073 3275 misit,
1093 3198 1177 3281 qnod
1202 3196 1246 3263 ibi
1268 3221 1288 3263 a
1307 3198 1420 3284 spiritu

84 3457 85 3469 ,
213 3393 248 3460 in
267 3419 368 3464 nnum
387 3419 502 3464 norum
521 3398 680 3465 bominem
700 3403 883 3482 oonoeptum
904 3403 960 3476 est
981 3398 1036 3484 qui
1057 3398 1171 3465 virtute
1192 3400 1334 3468 altissimi
1349 3401 1407 3468 Vir

84 3504 85 3547 ³
213 3497 282 3584 g'mi
303 3499 506 3590 obumbrante
534 3499 568 3566 in
595 3500 727 3567 formam
753 3499 882 3586 perlecti
911 3499 1046 3567 bominis
1074 3499 1218 3579 confotus
1246 3506 1313 3569 est?
1353 3505 1406 3570 Διι

84 3654 86 3663 .
214 3603 367 3686 numquid
386 3603 454 3668 Deo
474 3603 601 3687 spiritus
621 3607 745 3668 montem
769 3607 824 3669 aut
844 3603 942 3670 virtus
962 3625 1019 3670 sua
1039 3596 1191 3670 altissimo
1212 3605 1403 3671 connatura‘

213 3300 324 3362 noeto
344 3318 415 3362 eum
440 3296 638 3364 immaculato
664 3302 697 3363 et
716 3297 864 3364 (livinitus
889 3297 1079 3364 mortificato
1105 3303 1244 3365 materno
1270 3299 1423 3672 sangui]

214 3723 281 3770 uon
302 3705 368 3770 est?
407 3701 483 3771 Non
502 3702 586 3770 enim
606 3703 659 3770 bio
678 3725 711 3770 se
732 3703 799 3770 ulla
824 3704 1033 3792 angelicarum
1054 3704 1207 3770 virtutum
1227 3705 1423 3798 interposuit

214 3807 269 3872 setl
290 3807 425 3872 naturali
444 3806 559 3872 virtute
582 3805 720 3892 itemque
746 3807 880 3874 naturali
906 3811 939 3874 et
959 3806 1214 3874 consubstantiali
1235 3807 1294 3875 sibi
1315 3830 1403 3876 amor

215 3905 384 3972 altissimus
403 3930 477 3974 usos
497 3913 554 3986 est
571 3913 679 3974 saneto
693 3908 837 3975 videlieet
856 3908 976 3993 spiritu,
996 3914 1032 3975 ut
1051 3909 1111 3975 sibi
1133 3911 1281 3976 nabsralis
1295 3933 1402 3996 quoqu

84 4014 87 4045 '³
216 4013 249 4074 et
280 4007 547 4075 oonsubstantn'alis
578 4009 660 4076 filius
690 4011 775 4076 Deus
805 4009 899 4076 bomo
932 4015 964 4076 et
995 4011 1090 4077 homo
1121 4010 1206 4077 Deus
1237 4016 1412 4079 naseeretur

84 4116 85 4131 ¹
216 4110 310 4180 Unde
337 4111 424 4190 otis,
450 4111 505 4197 qni
532 4116 623 4178 natus
652 4117 707 4190 est
735 4133 798 4178 non
826 4113 908 4178 lilius
935 4111 1063 4198 spiritus
1084 4108 1182 4179 saneti
1204 4112 1236 4180 in
1258 4112 1387 4202 Virgine

86 4224 88 4233 '
217 4212 461 4300 supervenientis
480 4235 538 4280 neo
557 4213 640 4281 lilius
659 4213 783 4280 virtutis
807 4213 949 4281 altissimi
969 4215 1094 4303 Virgini
1119 4215 1341 4295 obumbrantis,

217 4319 319 4400 filius
339 4318 441 4404 inquit
460 4320 597 4407 angelos,
618 4305 767 4388 αῑιιζιιιιιιί
789 4320 960 4404 recolitur,
977 4321 1121 4438 videlieet
1141 4323 1179 4389 de
1199 4321 1287 4407 orpus
1307 4322 1384 4408 spiri
1422 4345 1423 4384 1
