3010 5300
212 422 256 481 46
482 407 667 466 aaronis
693 404 1150 467 antonnesrltssoltnsls

213 582 269 648 sed
290 579 435 647 etiamid
456 579 706 664 quodaVerbo
732 577 924 664 mumptam
949 581 1005 655 est,
1031 577 1061 642 id
1083 580 1130 642 est
1150 573 1320 660 perlectum
1341 569 1419 636 illud

214 687 340 750 noemae
360 687 498 760 natrrrae,
526 705 564 748 ex
593 681 698 748 anima
726 679 871 747 rationali
900 683 932 745 et
958 681 1095 744 humana
1124 698 1214 742 carue
1242 673 1420 748 subsistens,

215 787 302 852 Dens
333 788 388 849 est
430 783 529 863 Unde,
559 788 596 848 at
623 783 660 850 B.
675 782 869 870 Augustinus
900 780 1017 860 asser-it,
1048 784 1150 846 totam
1180 779 1264 843 Deus
1293 777 1421 860 propter

213 889 421 952 assumentem
442 885 552 964 Densa
578 890 611 950 et
633 889 735 950 totam
761 885 855 950 homo
881 887 1009 968 propter
1034 883 1227 966 assumptam
1254 876 1421 944 hominem.

212 1025 259 1038 -
272 987 325 1054 Sia
345 987 428 1052 enim
449 1008 519 1052 rere
540 1008 576 1052 ac
596 987 663 1052 sine
684 986 782 1070 tropis
804 987 842 1051 de
862 1006 925 1050 nac
940 985 1081 1070 quolibet
1101 982 1227 1049 homine
1248 979 1422 1064 loquimur:

110 1093 176 1173 (46)
212 1089 330 1156 'l'otnm
351 1089 412 1154 hoc
432 1087 592 1166 rationale,
620 1093 722 1153 totam
749 1093 781 1153 et
800 1086 942 1152 sensuale
962 1087 1013 1152 vel
1034 1085 1179 1152 sensibile
1201 1087 1260 1160 cst3
1286 1083 1422 1166 itemque

214 1191 284 1257 siae
303 1191 418 1276 hapa:
439 1189 509 1256 Hoc
529 1189 681 1256 rationale
701 1187 855 1269 sensibile,
876 1194 909 1254 et
928 1189 988 1254 boc
1009 1187 1153 1254 sensibile
1173 1185 1325 1252 rationale
1346 1187 1401 1249 est
1469 1187 1471 1196 '

316 1293 362 1359 m
381 1291 442 1358 ists
458 1291 584 1378 quidem
604 1292 722 1358 locutio
743 1291 824 1357 inter
843 1313 950 1357 omnes
970 1292 1008 1357 de
1029 1290 1223 1356 naturalibus
1243 1291 1370 1374 agentes
1384 1286 1423 1351 ad

215 1395 305 1461 illam
330 1393 617 1480 supernaturalem:
638 1394 722 1461 Dens
748 1398 796 1460 est
820 1392 924 1471 bomo,
949 1398 982 1458 et
1002 1415 1019 1458 e
1040 1413 1197 1471 converso,
1222 1391 1352 1457 vicinius
1373 1412 1422 1456 ac·

215 1495 307 1564 cedit
348 1495 433 1562 Nam
460 1495 521 1562 ista
549 1497 664 1562 altera:
693 1495 821 1562 Animal
849 1499 897 1560 est
924 1496 1028 1574 lromo,
1056 1499 1088 1560 et
1108 1518 1125 1562 e
1147 1515 1303 1571 converso,
1331 1492 1365 1558 in
1386 1511 1423 1556 eo

214 1597 397 1664 dissimilior
417 1602 472 1676 est,
496 1598 580 1682 qnod
606 1597 722 1664 animal
747 1602 779 1664 et
805 1597 900 1663 homo
921 1597 1043 1682 generis
1064 1601 1097 1662 et
1117 1595 1229 1682 speciei
1251 1595 1423 1681 proprieta-

214 1699 302 1766 trbus
321 1721 355 1765 se
367 1699 486 1765 babent
504 1699 543 1766 ad
564 1699 708 1777 iaricera;
729 1699 846 1786 qaia†),
859 1719 922 1764 non
943 1699 989 1765 ita
1006 1699 1088 1765 inter
1102 1689 1205 1764 Deam
1219 1703 1251 1764 et
1264 1696 1423 1764 hominem

215 1806 273 1867 est.
316 1800 608 1879 Mataurense
627 1799 709 1868 inter
729 1800 859 1868 uniones
884 1805 1074 1879 naturarum,
1098 1798 1320 1867 rationalitatis
1341 1799 1424 1864 vide·

215 1903 294 1970 licet
313 1907 346 1968 et
365 1901 575 1970 sensualitatis
595 1902 628 1970 in
656 1903 826 1984 bominem,
853 1908 948 1989 atque
973 1903 1144 1970 divinitatis
1164 1907 1196 1970 et
1223 1901 1426 1970 humanitatis

217 2006 253 2071 in
273 2005 432 2072 Christum
453 2006 486 2072 in
508 2027 554 2087 eo,
582 2007 656 2091 quia
682 2007 805 2073 nullum
829 2007 980 2073 rationale
1005 2011 1078 2073 ante
1102 2005 1271 2072 subsistens
1292 2005 1426 2072 tonnam

216 2108 271 2174 rel
291 2112 435 2174 astaram
458 2107 667 2174 sensualitatis
691 2109 731 2208 ab
757 2108 865 2194 aliquo
890 2109 1071 2177 animalium
1098 2114 1170 2176 ante
1194 2108 1426 2176 subsistentium

217 2211 408 2296 assumpsit:
433 2210 511 2295 quin
536 2211 638 2296 pomo
661 2211 816 2279 rationale
838 2217 870 2279 et
896 2213 1041 2280 sensibile
1063 2213 1095 2279 in
1116 2212 1252 2279 hominis
1272 2211 1427 2300 creatione

216 2317 302 2392 sant,
321 2313 356 2380 in
374 2313 491 2380 aniona
511 2335 585 2380 reso
605 2319 795 2394 naturarum,
820 2315 942 2382 divinae
963 2320 996 2383 et
1015 2317 1177 2396 hnmanae,
1202 2315 1235 2382 ia
1257 2315 1428 2393 Christum

218 2439 303 2483 unus
323 2416 445 2483 divinae
465 2421 596 2484 naturae
616 2417 795 2499 subsistens,
815 2418 847 2486 id
868 2425 916 2486 est
928 2417 1069 2486 Verbum
1090 2419 1172 2486 lilius
1192 2419 1252 2485 Dei
1273 2419 1428 2485 humanae

220 2523 351 2586 naturae
375 2519 607 2586 subsistentiam
632 2520 692 2587 sibi
717 2520 827 2588 uniens
852 2521 885 2588 ia
909 2545 1095 2608 personam:
1116 2545 1269 2614 aeneam
1295 2526 1369 2588 tunc
1390 2523 1428 2587 de

219 2645 288 2690 non
308 2623 484 2689 extantibus
505 2644 619 2690 novam
644 2623 790 2704 condidit
814 2625 868 2690 scd
893 2625 931 2692 dc
957 2625 1175 2692 immamlatae
1194 2623 1336 2713 Virginis
1356 2625 1428 2692 snb·

218 2725 339 2818 stantis
358 2725 417 2793 arbi
438 2749 494 2812 per
514 2726 710 2794 nativitatem
731 2727 869 2794 divinam
891 2732 923 2795 ct
943 2730 1112 2796 humanam
1132 2727 1241 2797 univit

322 2829 366 2896 Et
393 2831 523 2896 tidenter
550 2830 628 2910 dico,
656 2831 689 2896 ia
717 2853 755 2897 eo
783 2831 944 2897 meliorem
974 2854 1040 2898 esse
1068 2853 1192 2898 causam
1219 2834 1301 2917 apud
1326 2832 1429 2898 Deum

220 2933 357 2999 hominis
377 2955 472 3018 quam
493 2932 606 3020 angeli,
634 2933 790 3016 simulque
817 2933 999 3000 facultatem
1025 2935 1221 3019 exequendae
1241 2955 1352 2999 causae
1372 2933 1429 2998 hu·
1459 2935 1461 2940 ’

220 3057 333 3100 manae
353 3035 387 3100 in
412 3057 450 3100 es
476 3034 671 3120 praecellere,
698 3034 774 3118 (luia
793 3034 878 3100 Dens
907 3037 1019 3120 angelo
1049 3035 1106 3099 etsi
1135 3035 1320 3101 naturaliter
1348 3031 1430 3096 uniri

221 3135 337 3220 poterit,
366 3134 519 3219 siqsridera
546 3134 717 3199 subtilioris
750 3138 880 3200 naturae
908 3136 993 3200 Deus
1015 3136 1128 3254 angelo
1159 3139 1206 3201 est
1235 3155 1272 3201 ac
1301 3131 1431 3220 proinde

221 3235 383 3326 angelicae
408 3241 538 3306 naturae
563 3235 720 3326 capabilia
762 3235 854 3308 Unde
878 3236 1032 3325 hodieque
1057 3261 1094 3306 ao
1118 3237 1151 3305 in
1172 3242 1332 3306 aeternum
1354 3235 1431 3304 diri-

220 3343 307 3408 nitas
327 3343 456 3430 angelos
475 3342 584 3409 beatos
605 3347 754 3428 tanquam
779 3343 954 3410 naturalem
973 3343 1033 3410 sibi
1054 3343 1246 3410 mansionem
1267 3340 1431 3408 inhabitat

128 3428 196 3498 l
221 3445 288 3514 Sed
313 3445 465 3512 habitatio
493 3445 550 3512 illa
576 3445 772 3512 accidentalis
800 3451 856 3526 cst,
883 3467 944 3513 non
973 3445 1194 3513 substantialis.
1236 3445 1328 3512 Prius
1349 3442 1432 3509 enim

221 3547 330 3635 angeli
351 3547 454 3628 menti,
482 3547 591 3614 deinde
618 3547 771 3615 habitatio
798 3547 903 3615 divina
924 3548 1039 3625 effecta
1067 3548 1214 3634 angelum
1234 3551 1339 3612 tamen
1360 3546 1432 3611 sub·

221 3649 412 3716 stantialiter
432 3653 465 3716 et
484 3650 688 3736 personaliter
710 3671 784 3728 csse,
805 3649 977 3716 diurnitatis
998 3670 1060 3714 non
1082 3654 1136 3716 est
1177 3649 1325 3714 Diversae
1346 3669 1432 3712 aara-

221 3771 291 3837 qne
309 3749 414 3838 inte(r)
435 3773 469 3818 se
493 3773 651 3836 personae,
676 3751 758 3818 deut
781 3751 952 3817 didaitatis
973 3756 1006 3817 et
1025 3752 1217 3839 angelorum,
1237 3749 1434 3817 substantiali

223 3873 355 3938 qaoque
378 3853 553 3920 differentia
580 3855 621 3920 ab
648 3853 780 3920 invicem
808 3853 979 3933 distinctae,
1007 3854 1186 3929 nullatenus
1213 3851 1273 3919 sibi
1301 3851 1434 3919 invicem

223 3955 544 4024 substantialitatem
563 3956 768 4043 personaliter
787 3955 869 4037 uniri
890 3961 1028 4043 possunt,
1048 3955 1137 4023 verbi
1156 3955 1266 4044 gratia
1287 3961 1331 4037 ut,
1352 3956 1435 4041 quod

225 4057 357 4126 Gabriel
377 4057 426 4125 rel
446 4057 502 4144 qui
523 4057 650 4126 Gabriel
671 4063 726 4137 est,
746 4059 814 4124 nlla
834 4059 930 4125 taam
952 4058 1126 4125 drinarnm
1148 4079 1348 4143 personarum
1370 4079 1436 4124 esse

223 4161 341 4226 valeat
381 4157 469 4226 lstnd
489 4181 562 4228 vero
583 4160 781 4248 privilegium
802 4160 899 4227 solius
919 4159 1054 4226 hominis
1076 4165 1131 4239 est,
1158 4165 1196 4226 nt
1216 4159 1245 4225 ei
1265 4160 1350 4226 Dens
1371 4159 1436 4226 sire

224 4259 377 4327 divinitas
395 4260 430 4327 in
450 4283 513 4328 aaa
533 4261 581 4328 sni
602 4283 804 4347 personarum
824 4262 1018 4341 natrmaliter,
1042 4261 1296 4340 substantialiter,
1319 4261 1383 4326 bno
1405 4265 1438 4325 et

225 4363 275 4429 sic
295 4362 540 4430 mbstantialiter
560 4369 655 4449 atque
668 4363 873 4450 personaliter
892 4363 975 4429 uniri
996 4363 1149 4448 potuerit,
1169 4363 1254 4447 quod
1267 4364 1300 4429 et
1313 4362 1436 4434 factum

226 4462 311 4530 est
300 4485 334 4529 m
349 4461 471 4532 Christo
484 4465 561 4532 Joea
573 4465 709 4532 Domino
729 4469 845 4532 nostro.
866 4465 911 4531 Et
923 4487 971 4531 ne·
977 4465 1017 4544 id,
1037 4463 1180 4550 quodi-t)
1195 4463 1262 4528 lieri
1278 4461 1438 4549 potuisset,

334 4581 563 4654 timonat-
580 4580 1014 4712 taetra{taradastil-fl⁹
