3010 5300
213 455 262 514 ω
499 441 683 500 sonorus
704 409 1143 498 enrcsrssrreunusrs

214 616 290 699 ejus
309 613 523 681 mmmmm
543 611 672 680 minoris
691 610 855 679 soliditatis
875 610 1007 686 firmitm
1033 610 1169 690 comerit3
1197 611 1250 678 sed
1270 609 1308 689 ei,
1335 609 1420 677 intus
1484 663 1485 702 ,

69 751 73 759 ·
214 719 318 786 videri
338 723 372 784 et
396 739 462 784 esse
482 714 624 796 voluisse,
644 715 728 782 intro
754 715 848 782 fuisso
869 714 936 783 init
977 715 1021 782 ut
1041 736 1080 782 ne
1100 715 1141 796 id,
1168 713 1289 800 quod†)
1317 713 1419 780 solum

215 822 260 887 de
280 819 417 888 Domino
447 819 566 904 atejus
592 839 721 904 corpore
742 819 902 898 credimus,
929 818 982 885 sed
1003 823 1035 884 et
1054 819 1094 885 de
1113 817 1204 886 nobis
1225 821 1256 884 et
1277 816 1310 882 in
1331 815 1419 892 uobis
1484 853 1485 906 p

215 925 358 988 futorum
388 943 554 1006 speramus
602 919 663 987 Sed
692 921 762 1004 quis
793 920 873 986 hanc
904 919 1073 986 efficaciam
1101 919 1278 986 celadum
1310 921 1342 984 ei
1371 918 1418 983 in·

213 1021 464 1107 corruptibilium
495 1043 658 1107 corporum
692 1026 725 1088 et
762 1020 917 1087 efficaciae
947 1021 1073 1087 modum
1105 1021 1154 1087 vel
1184 1041 1275 1087 mum
1306 1019 1419 1085 mentis

214 1124 337 1190 ratione
365 1123 607 1210 comprehendat
638 1122 689 1189 rel
728 1123 834 1207 aliqua
862 1125 1053 1188 terrenarum
1084 1143 1186 1188 remnr
1218 1119 1417 1187 similitudine
1484 1153 1485 1204 p

102 1229 174 1309 (60)
213 1224 320 1310 digne,
347 1225 429 1290 sicut
457 1228 513 1302 ml,
542 1223 717 1309 exprimat?
758 1223 899 1289 Vidimus
926 1228 1031 1289 umen
1063 1225 1095 1288 et
1125 1223 1158 1288 in
1188 1222 1278 1288 uobis
1307 1221 1418 1288 miram

215 1325 414 1392 velocitatem
439 1324 519 1392 ictus
546 1325 638 1404 oculi,
666 1325 802 1392 velocem
824 1345 949 1410 qnoque
973 1323 1167 1392 diffirsionem
1188 1323 1274 1390 verbi
1295 1323 1418 1408 prolati

214 1427 279 1494 Sed
298 1449 340 1494 ne
358 1427 390 1494 id
411 1427 535 1513 quidem
556 1431 769 1514 comparatum
789 1427 828 1494 iri
849 1431 964 1512 putem,
986 1449 1023 1494 eo
1041 1428 1123 1514 quod
1143 1427 1304 1494 obstecula
1323 1426 1417 1493 inter·

103 1559 106 1564 ·
165 1553 167 1557 ·
210 1531 387 1616 jacentium
413 1552 577 1618 corporum
605 1535 772 1616 utrumque
799 1530 1006 1618 praepediant
1048 1529 1138 1597 Nihil
1166 1551 1238 1596 vero
1267 1529 1299 1596 in
1327 1528 1418 1596 nobis

215 1633 265 1700 illi
297 1633 452 1701 velocitati
484 1637 517 1700 et
551 1633 705 1700 efficaciae
734 1656 788 1700 seu
823 1633 981 1720 potentiae
1015 1631 1222 1720 spiritualium
1253 1654 1417 1718 corporum

214 1737 349 1804 aestimo
369 1736 479 1804 melius
499 1735 662 1804 assimilari
687 1759 777 1824 posse
798 1759 891 1823 quom
916 1737 1028 1803 mentis
1048 1741 1172 1803 nostrae
1191 1735 1417 1803 velocissimum

99 1903 105 1912 .
216 1838 1419 1926 urraumetrecumumcuimillerelquautalibetstodiaprounosunt

216 1948 251 2008 et
270 1942 403 2009 solidum
417 1962 576 2010 murorum
593 1963 648 2008 seu
665 1941 819 2009 montium
831 1941 918 2010 velut
935 1940 1067 2009 nihilum
1089 1945 1121 2008 et
1138 1941 1230 2008 inme
1249 1945 1417 2027 reputatum

217 2045 308 2124 Quod
328 2045 379 2112 sel
405 2045 474 2112 ideo
500 2067 566 2112 esse
594 2043 736 2124 arbitror,
763 2045 837 2130 quia
863 2045 977 2112 cenom
1003 2044 1089 2112 illius
1117 2043 1215 2131 regni,
1241 2047 1418 2110 nostrorum
1454 2067 1459 2079 ·

217 2150 359 2215 locorum
379 2151 412 2215 et
435 2152 611 2234 temporum
631 2148 791 2237 angrrstiss
816 2147 1007 2216 aeternitatis
1032 2146 1186 2214 infinibrte
1205 2146 1419 2234 supergressis,

217 2257 392 2318 noab'srum
420 2250 632 2338 augustimum
659 2251 966 2338 circumscriptiones,
995 2251 1066 2318 loca
1093 2253 1125 2316 et
1152 2249 1327 2337 tempora*)
1355 2270 1418 2315 non

217 2352 401 2440 pertineant,
422 2356 530 2440 utpote
550 2353 583 2420 in
603 2353 773 2440 spiritualis
793 2351 1005 2441 amplitudinis
1028 2351 1179 2420 latissima
1198 2343 1324 2440 regione
1346 2357 1417 2418 con·

218 2455 1034 2540 stibrtisetnibiljamcommunecumistoadris,
1055 2454 1418 2522 terrarumacmarium

218 2557 320 2642 spatio
341 2558 392 2623 vel
411 2557 579 2624 obstaculis
601 2557 795 2635 habentibus,
816 2579 886 2623 cum
907 2563 1011 2624 tamen
1032 2557 1065 2623 in
1080 2557 1195 2623 eisdem
1216 2555 1330 2621 nocuis
1342 2555 1419 2621 locis

219 2656 347 2742 pomini,
366 2679 438 2724 urm
458 2657 621 2740 soluerint,
642 2663 675 2726 et
690 2657 770 2726 ratio
792 2657 997 2744 postulaverit
1016 2680 1052 2725 ac
1064 2656 1218 2726 Dominus
1238 2655 1420 2743 permiserit,

219 2781 376 2844 apparere,
404 2764 469 2838 aut,
493 2759 571 2827 siet
589 2761 629 2827 ad
650 2783 703 2827 eos
723 2765 899 2827 nostrorum
920 2760 1059 2828 locomm
1079 2759 1181 2846 spatia
1201 2765 1234 2827 et
1252 2760 1330 2827 situs
1350 2779 1419 2844 per·

176 2933 181 2940 ,
219 2863 329 2943 tinem,
348 2861 545 2929 velocitatem
565 2863 688 2931 animm
708 2885 745 2930 oc
763 2861 899 2950 spiribrs,
919 2863 951 2930 id
964 2863 1106 2944 solentis,
1126 2863 1233 2930 eadem
1247 2861 1421 2948 spiritualia

220 2985 351 3050 corpora
370 2965 450 3030 mira
467 2965 623 3032 celeritate
642 2970 822 3052 sequuntur,
842 2965 922 3032 sicud
941 2987 1023 3032 nunc
1040 2987 1165 3052 quoque
1185 2969 1305 3032 motum
1325 2961 1420 3030 animi

219 3065 395 3152 praeeuntis
425 3088 555 3154 corpore
585 3067 659 3136 licet
689 3067 807 3136 tardius
837 3068 871 3135 in
902 3073 986 3136 terra
1015 3068 1166 3155 reptando
1197 3065 1420 3154 subsequimur.

219 3167 288 3236 Nee
306 3189 381 3236 vero
402 3169 649 3258 incredibilisfi)
670 3193 736 3239 esse
756 3171 849 3239 debet
869 3171 902 3238 in
923 3171 1136 3259 spiritualibus
1156 3169 1334 3258 corporibus
1355 3175 1421 3236 tarn

219 3271 300 3338 mira
318 3271 475 3354 velocitas,
495 3295 565 3340 orm
586 3273 620 3340 in
640 3273 822 3344 caelestibus
840 3275 1029 3362 corporibus,
1049 3274 1118 3343 dico
1139 3280 1243 3342 autem
1264 3274 1298 3341 in
1319 3273 1420 3341 firma·

218 3379 336 3456 mento,
363 3375 429 3444 sole
459 3398 496 3444 ac
527 3377 602 3444 luna
630 3381 662 3445 et
690 3378 797 3460 stellu
821 3382 887 3446 tam
917 3377 1028 3446 miram
1057 3376 1196 3465 quotidie
1224 3376 1420 3446 velocitatem

219 3475 387 3557 rideamus,
406 3481 531 3568 quippe,
550 3481 610 3550 nisi
628 3481 768 3569 qnalibet
787 3482 902 3571 sagitta
922 3504 977 3550 seu
996 3481 1120 3550 turbine
1141 3481 1226 3548 renti
1246 3480 1421 3549 inaestima-

219 3579 327 3648 biliter
347 3583 501 3678 velociora
520 3590 629 3665 essent,
650 3590 715 3653 tam
736 3585 970 3654 inaestimabilis
991 3584 1204 3672 amplitudinis
1224 3583 1420 3670 circuitrrs**)

218 3683 313 3750 nnius
333 3685 393 3752 diei
414 3691 447 3752 et
468 3687 567 3754 noctis
587 3687 688 3774 spatio
712 3709 776 3755 nco
796 3692 1090 3756 consummarenbrr.
1132 3686 1223 3765 Quod
1241 3686 1422 3753 incredibile

217 3785 367 3854 nimirum
396 3787 480 3856 dictu
509 3788 598 3871 foret,
628 3789 688 3858 nisi
719 3813 793 3859 usus
821 3789 1021 3877 quotidianus
1035 3797 1037 3802 “
1050 3787 1205 3875 probaret
1246 3789 1291 3856 Et
1317 3793 1421 3856 tamen

219 3887 678 3974 etiamipsaveraetsolida
705 3891 924 3978 insuperrero
950 3897 982 3958 et
1007 3892 1173 3959 immam
1198 3889 1422 3979 magnitudinis

219 4009 353 4074 corpora
371 3996 453 4074 sont,
472 4013 552 4079 quae
573 3998 638 4061 tam
658 3993 831 4062 incredibili
843 3993 1009 4061 velocitate
1029 3996 1202 4072 moventur,
1221 3996 1258 4058 ut
1277 3990 1311 4059 in
1331 3989 1422 4058 nobis

320 4177 349 4246 1)
365 4192 401 4232 ne
416 4177 445 4232 id
461 4177 571 4248 quidam
588 4179 634 4250 (v),
1190 4195 1192 4200 ·

273 4343 282 4356 '
322 4261 349 4331 'l
365 4261 401 4317 ad
410 4278 466 4326 ,eos
482 4261 554 4320 forts
570 4263 700 4320 omissum
715 4281 734 4320 a
749 4263 869 4333 librario,
886 4261 959 4332 qnod
974 4279 1038 4319 mor
1055 4261 1178 4332 mquimr
1193 4259 1222 4316 in
1237 4260 1421 4330 consequente

221 4343 366 4503 mill
382 4449 432 4490 ιιιι
447 4435 468 4491 t
486 4433 658 4494 matuta

323 4523 365 4595 ”l
381 4523 503 4595 loquitur
526 4528 623 4584 notor
646 4525 682 4583 de
706 4530 783 4583 moto
808 4526 957 4598 improprio
982 4543 1030 4582 seu
1055 4525 1177 4582 violento
1199 4523 1244 4579 sel
1269 4523 1361 4596 potior
1386 4520 1421 4576 de

220 4607 564 4680 maronianum.
716 4607 717 4610 ’
796 4641 804 4656 ‚
1235 4663 1236 4668 ,
