3010 5300
173 484 223 544 60
468 475 651 532 aaronis
675 473 1123 530 aaronitaspcltolortsls

172 643 213 711 in
236 643 405 731 spirituali
425 665 554 730 corporo
574 645 813 712 delectationum
838 643 1048 712 transeundi
1038 667 1071 710 m
1091 643 1240 712 caelum'
1231 665 1264 710 in
1283 643 1395 728 spiritu

173 747 456 815 divininimorum
475 745 688 814 intellectuum
713 751 746 814 et
773 745 1044 828 illuminationum,
1072 750 1166 832 atque
1192 747 1304 813 iterum
1325 745 1395 812 inde

173 849 280 929 illuc,
311 851 350 916 de
376 849 469 916 terlio
497 849 641 916 videlicet
672 849 808 930 caelos
798 871 831 915 m
861 849 1037 965 paradisum
1069 847 1302 917 retranseundi:
1322 846 1405 914 talis·
1433 887 1437 898 ·

174 951 305 1038 utique
324 951 501 1018 vicimstudo
522 973 615 1018 omne
635 951 824 1018 fastidium'
813 974 847 1017 m
867 951 935 1036 ipsa
947 951 1140 1036 plenitudine
1160 951 1270 1018 tollere
1285 953 1395 1035 potens

175 1059 245 1131 ast,
267 1053 390 1139 angelis
409 1054 558 1119 nimirum
586 1053 652 1120 illic
679 1075 718 1119 ex
746 1051 923 1119 homiuibus
951 1052 1049 1133 iactis,
1077 1054 1182 1119 taliter
1208 1073 1279 1117 cum
1306 1051 1394 1117 inuo-

174 1153 320 1219 vatioue
344 1152 487 1219 desiderii
514 1153 748 1220 ascendentibus
769 1156 802 1220 et
827 1152 1079 1218 despondentibus
1105 1175 1198 1239 super
1218 1152 1317 1218 lilium
1338 1151 1394 1217 bo-
1415 1209 1421 1238 „

175 1253 296 1321 minis.
336 1253 460 1320 Etenim
488 1253 610 1338 corpori
637 1258 743 1320 nostro
770 1253 836 1319 illic
863 1252 1033 1318 humilitati
1060 1253 1261 1320 humanitatis
1281 1251 1395 1319 Christi

176 1354 305 1421 sociari
324 1355 465 1442 nostra')
479 1355 637 1440 paradisus
657 1357 936 1433 summovere
957 1353 1151 1420 divinitatem
1172 1353 1238 1438 ejus
1259 1357 1394 1420 oontem-

177 1453 275 1543 plan‘
295 1455 386 1541 cique
406 1455 583 1524 hnmediate
602 1455 693 1537 uniri,
713 1457 774 1522 hoc
794 1454 884 1522 nobis
905 1455 1033 1523 tertium
1053 1456 1174 1523 caelum
1195 1455 1260 1522 erit
1303 1455 1394 1522 Scala

177 1579 276 1636 vero,
303 1579 472 1643 perquam
499 1579 641 1624 mceosus
662 1557 811 1642 ejusmodi
840 1579 876 1622 ac
896 1558 1058 1624 descensus
1086 1563 1196 1646 agetur
1216 1580 1235 1624 a
1255 1557 1393 1624 sensibus

179 1657 391 1726 divinissimis
401 1660 441 1726 ad
460 1657 653 1726 intellectum
673 1661 748 1726 item
761 1659 994 1742 divinissimum,
1013 1659 1187 1746 aparadiso
1208 1660 1248 1726 ad
1266 1658 1392 1726 tertium

180 1761 322 1840 caelum
341 1761 479 1846 itemque
493 1761 654 1842 descensum
675 1761 800 1828 atertio
821 1763 908 1830 caclo
929 1762 962 1828 iu
975 1762 1161 1848 paradisum,
1175 1761 1277 1829 anima
1290 1761 1392 1828 medie

181 1865 248 1942 est,
268 1863 330 1929 duo
349 1861 407 1930 ssla
425 1867 563 1930 ostreum
583 1863 788 1952 coniungem3
808 1865 897 1950 cujus
911 1863 1107 1931 dirimssimis
1127 1864 1263 1949 itemque
1284 1863 1391 1930 huma·

180 1963 327 2032 nissiuiis
346 1963 515 2046 affccflbua
535 1965 625 2051 quasi
645 1965 754 2032 mediis
767 1967 922 2054 gradibus,
943 1988 1085 2032 mucosus
1106 1965 1160 2032 ille
1181 1988 1217 2032 ae
1230 1966 1391 2032 descensus

183 2071 364 2154 peragetur,
384 2088 466 2134 nune
486 2065 630 2134 videlieet
649 2066 775 2134 homine
795 2068 921 2135 caelesti
941 2067 1074 2154 paradisi
1095 2067 1232 2154 quictem
1252 2067 1391 2134 sensibus

185 2167 402 2254 spiritualibus
429 2168 567 2254 corporis
594 2169 762 2254 spiritualis
795 2170 884 2255 quasi
917 2169 1016 2236 noetis
1046 2169 1186 2254 requiem
1221 2169 1391 2248 affeemnte

185 2291 275 2338 nune
294 2291 367 2336 vero
387 2271 477 2355 quasi
496 2293 553 2357 per
579 2271 679 2338 noctis
700 2271 837 2356 quietem
862 2270 947 2338 tertii
975 2271 1052 2338 caeli
1080 2276 1198 2337 secreta
1219 2275 1251 2337 et
1275 2269 1390 2337 illumi·

187 2370 332 2438 nationes
358 2371 486 2453 divinas,
517 2373 606 2459 quasi
636 2373 774 2440 divinum
803 2395 889 2460 opus,
920 2373 1042 2440 reiectis
1070 2374 1103 2440 in
1129 2373 1263 2459 paradisi
1287 2371 1390 2458 quiete

187 2472 332 2539 omnbus
350 2478 515 2560 repetente
556 2475 618 2542 Sed
638 2497 701 2542 uox
723 2475 780 2542 illo
800 2479 832 2542 et
852 2475 940 2560 quies
965 2475 1098 2561 paradisi
1125 2475 1265 2542 tenebras
1285 2475 1390 2543 nescit

188 2577 273 2646 Noe
293 2579 381 2647 entim
401 2579 472 2648 illic
490 2579 575 2648 siud
596 2581 663 2648 dies
683 2579 935 2664 itscccuubitur,
961 2585 993 2648 st
1011 2602 1074 2647 nox
1095 2581 1281 2647 illuminatio
1302 2603 1390 2648 sauc-

187 2685 296 2745 torum
322 2679 356 2746 in
380 2679 497 2746 delimis
518 2701 625 2747 comm
653 2679 720 2748 erit
762 2681 863 2748 Nocte
891 2682 973 2747 enim
1001 2680 1057 2748 illa
1084 2681 1171 2767 quasi
1200 2705 1256 2768 per
1275 2673 1389 2748 nubem

187 2779 325 2846 lucidam
359 2781 566 2866 spiritualium
599 2782 737 2868 eorporis
771 2805 916 2848 sensuum
951 2783 1172 2869 apparentibus
1206 2783 1389 2869 quibusdam

187 2880 335 2948 theoricis
354 2881 540 2969 imaginibus
552 2883 782 2950 deliciosissime
802 2883 893 2969 quasi
912 2884 1110 2964 somniamus,
1131 2905 1211 2968 quae
1224 2885 1388 2969 postmodo

186 2983 224 3049 in
243 2983 327 3050 tertii
346 2983 424 3051 caefi
444 2983 568 3052 sacrem
588 2985 681 3071 plena
700 2987 769 3053 luce
789 2985 954 3054 videamus
995 2985 1047 3055 Sic
1067 2987 1203 3054 loannes
1221 2987 1389 3072 apostolus,

77 3093 150 3174 (60)
186 3085 292 3152 adhuc
315 3085 350 3152 in
369 3108 461 3153 came
486 3087 606 3172 positus
626 3093 659 3155 et
685 3087 719 3154 iu
739 3089 898 3154 Pinnos
917 3088 1019 3155 insula
1045 3088 1208 3178 relegatum,
1239 3091 1388 3174 quasdam
1418 3170 1425 3177 ⁸

186 3185 322 3253 udones
341 3187 549 3274 corporalium
576 3189 746 3278 imaginum
768 3189 857 3276 quasi
884 3195 973 3256 nocte
1001 3191 1034 3256 in
1062 3190 1204 3274 paradiso
1230 3191 1389 3258 deliciatum

186 3288 347 3374 praevidit
380 3288 482 3368 Quare
494 3292 657 3375 poshuodo
676 3296 774 3358 certas
789 3291 1029 3378 significationes
1049 3291 1256 3378 intelligentia
1268 3291 1425 3373 mentis„

187 3395 278 3480 quasi
303 3395 337 3462 iu
356 3395 449 3462 terlio
470 3396 555 3463 caelo
576 3397 724 3464 divinitus
743 3397 936 3465 illuminatus
956 3399 1091 3486 agnovit
1130 3397 1207 3466 Sed:
1233 3396 1387 3480 Videmus,

188 3497 237 3564 ait
256 3499 330 3566 item
349 3500 511 3586 apostolus
530 3499 610 3567 alius
630 3500 663 3566 iu
684 3501 860 3587 panadium
882 3505 914 3568 et
933 3501 967 3568 iu
987 3501 1112 3567 tertium
1134 3500 1253 3566 caelum
1274 3503 1389 3585 raptis,

189 3626 283 3674 arene
297 3605 360 3691 per
380 3605 541 3692 spondam
563 3607 603 3675 ia
625 3607 813 3696 cmipmole,
839 3608 940 3676 idest
962 3609 996 3674 in
1017 3607 1195 3676 caelestium
1216 3605 1388 3694 imaginum

189 3713 393 3800 ammes
412 3713 615 3799 apparitione
636 3719 712 3782 tusae
734 3720 838 3782 uectem
859 3713 943 3799 sucis
964 3715 1008 3782 ud
1027 3713 1149 3799 faciem.
1191 3713 1250 3781 Et:
1276 3711 1387 3795 Nunc,

188 3819 301 3905 iuquit,
320 3841 470 3909 capacem
491 3843 531 3888 ea
548 3825 655 3906 porte,
679 3826 759 3888 tuuc
780 3825 887 3888 cotem
907 3841 1100 3908 copooccom,
1127 3820 1209 3888 mmet
1230 3824 1260 3887 et
1280 3818 1388 3906 coposi-

189 3931 244 3992 tua
261 3945 351 3992 siem:
370 3948 410 3993 ne
423 3927 474 3994 vel
487 3927 638 3993 visionem
658 3927 848 4012 specilarem
861 3927 895 3992 in
914 3925 1074 4012 seripturis
1088 3926 1138 3992 vel
1151 3923 1388 4012 aenigmaticam

189 4025 224 4092 in
242 4025 430 4114 iinagimbus
450 4027 638 4114 propheticis
658 4031 714 4094 aut
742 4031 825 4094 certe
845 4025 1095 4114 cognoscentiam
1113 4025 1335 4110 paradisiacam
1355 4023 1388 4088 iu

189 4127 337 4208 senubus,
363 4131 471 4214 qualo
499 4151 582 4196 nuno
607 4129 732 4196 iuterim
759 4129 792 4195 iu
820 4128 934 4196 sanctis
962 4151 1018 4214 per
1048 4127 1238 4195 mtensiones
1268 4125 1388 4192 divinas

190 4229 258 4296 lieri
276 4230 386 4309 solent,
406 4231 629 4318 plenitudinem
642 4231 762 4320 gratiae
777 4231 947 4316 promissae
966 4228 1159 4308 arbitremur,
1173 4228 1226 4294 scd
1240 4227 1388 4313 quasdam

189 4329 342 4416 pn'mitias
367 4353 433 4398 esse
460 4333 593 4400 sciamus
620 4337 827 4420 praerogatus,
856 4354 894 4398 ex
921 4331 1035 4416 quibus
1062 4335 1168 4400 tamen
1194 4329 1388 4415 aliquatenus

170 4479 171 4482 =
190 4433 350 4518 praenosci
361 4433 474 4516 valeat,
492 4435 594 4520 qualis
614 4435 672 4524 ssis
690 4432 851 4520 plenitudo
871 4433 976 4500 lutire
995 4433 1045 4502 sit.
1075 4431 1119 4500 Et
1135 4431 1250 4499 scalam
1263 4429 1387 4516 quidem

288 4625 437 4698 ’μίση
