3010 5300
518 387 855 450 eronouumcus,
1241 401 1280 459 41

83 559 276 625 rationalitas
307 580 372 624 non
401 558 563 645 oppositae
591 560 629 626 nd
658 560 790 627 invicem
818 560 937 628 formae
967 563 1157 641 suntunde
1185 569 1216 629 et
1237 562 1284 628 in·

83 662 260 725 ommatione
290 660 424 725 hominia
457 659 539 725 uniri
569 667 738 745 potuerunt
770 667 802 727 et
833 664 939 728 unitae
967 667 1062 728 sunt:
1081 663 1127 729 ita
1155 685 1213 750 ego
1246 665 1284 730 de
1338 679 1343 688 '

82 759 244 827 divinitate
266 765 298 826 et
317 760 511 826 humanitate
530 761 724 828 sentiendum
745 762 883 842 aestimo,
905 765 988 849 quod
1007 785 1071 830 non
1092 765 1132 830 ad
1151 763 1283 830 invicem

82 862 243 950 oppositae
257 862 375 930 formae
395 863 472 941 eint;
492 863 612 949 alioqui
632 865 720 932 nullo
740 865 834 932 modo
855 865 888 931 in
909 885 1003 932 unam
1022 887 1184 950 personam
1202 866 1284 933 uniri

81 965 263 1049 potuissent
284 965 544 1050 quemadmodum
565 965 692 1032 asinitae
710 971 742 1032 et
761 967 940 1033 hmnanitae
958 989 1118 1052 nunquam
1138 967 1171 1034 in
1191 991 1285 1034 unum
1320 969 1397 1052 (41)

81 1087 244 1150 personam
265 1067 370 1132 valent
398 1066 518 1134 sociari·
558 1067 651 1134 Unde
680 1071 717 1134 et
739 1069 781 1134 ab
802 1067 955 1154 oppositis
983 1075 1200 1155 argumentum
1220 1070 1284 1135 vim

81 1167 215 1247 obtinet;
235 1167 317 1254 qnia,
337 1167 418 1234 sicut
437 1168 533 1236 homo
554 1190 618 1236 non
639 1175 687 1236 est
707 1169 820 1249 asinus,
841 1175 874 1237 et
895 1191 1084 1251 econverso,
1104 1192 1166 1238 non
1180 1176 1284 1238 autem

80 1268 126 1338 ita
146 1270 292 1338 convenit
311 1270 421 1352 dicere,
441 1270 468 1339 si
489 1276 537 1340 est
556 1272 709 1341 rationale
736 1273 861 1358 aliquid
890 1271 993 1360 ipsum
1017 1296 1081 1341 non
1103 1296 1168 1342 esse
1188 1275 1283 1342 senei-

79 1374 152 1456 bile,
173 1377 206 1442 et
226 1397 244 1441 e
264 1395 420 1456 converso,
441 1381 488 1443 et:
508 1375 543 1444 si
563 1381 611 1444 est
631 1377 723 1458 Deus¹
750 1399 814 1444 non
835 1380 883 1444 est
907 1377 1010 1458 homo,
1037 1382 1070 1444 et
1090 1399 1107 1444 e
1128 1399 1284 1447 converso.

80 1477 161 1545 Srmt
181 1477 264 1572 enim
286 1477 477 1545 differentiae
498 1479 575 1546 istae
596 1502 651 1546 seu
671 1481 791 1546 formae
811 1501 874 1546 non
895 1481 1068 1546 contrariae
1088 1481 1127 1548 ad
1152 1481 1284 1548 invicem
1389 1475 1391 1478 ’

80 1579 130 1646 vel
151 1579 320 1665 oppositae,
345 1581 399 1646 eed
423 1581 510 1662 tales,
535 1582 643 1668 quales
671 1581 823 1648 dialectici
849 1582 949 1648 dicere
975 1583 1076 1650 solent
1104 1585 1284 1650 excedentes

79 1687 111 1748 et
132 1704 283 1760 excessum
311 1688 445 1768 quaest
471 1683 565 1750 simul
591 1684 624 1750 in
650 1684 807 1770 aliquibus
832 1684 1039 1764 inveniuntur,
1067 1685 1098 1751 in
1128 1686 1284 1771 aliquibus

78 1807 152 1851 vero
173 1785 305 1851 invicem
327 1786 480 1852 excedunt
500 1791 532 1875 et
553 1786 747 1852 abinvicem
770 1787 967 1860 exceduntur.
1006 1787 1131 1853 Etenim
1152 1788 1284 1854 rationa-

68 1887 151 1953 litas
172 1891 205 1954 et
224 1887 408 1970 senermlitae
428 1910 500 1954 cum
525 1887 620 1956 dmul
651 1888 684 1955 in
710 1888 836 1954 homine
863 1889 935 1968 eint,
966 1889 1159 1955 rationalitas
1179 1893 1284 1955 minen

78 1989 310 2055 sensualitatem
325 1991 451 2056 excedat
471 1991 505 2056 in
518 1991 646 2078 angelis,
668 1991 929 2076 quemadmodum
943 1991 983 2056 ab
997 2013 1034 2056 ea
1048 1990 1116 2076 ipsa
1129 1991 1285 2058 exceditur

78 2091 112 2157 in
132 2091 240 2158 bestiis
260 2096 293 2158 et
309 2092 468 2178 jumentis.
496 2092 647 2185 Similiter
665 2097 770 2159 nutem
791 2092 885 2159 liceat
903 2092 995 2158 nobis
1015 2099 1142 2178 propter
1162 2099 1285 2160 coutra-

79 2194 247 2261 dicentium
269 2195 537 2279 importnnitatem
558 2197 596 2262 de
618 2196 787 2275 divinitate,
812 2218 894 2282 quae
920 2197 1163 2282 supernaturalis
1183 2197 1285 2264 forma

79 2301 134 2375 eet,
156 2301 188 2362 et
207 2295 401 2364 humanitate
428 2298 525 2382 loqui.
566 2297 692 2364 Etenim
714 2301 746 2364 et
772 2298 845 2364 illae
870 2297 989 2364 lomene
1010 2298 1043 2364 in
1064 2321 1127 2366 uno
1148 2299 1284 2365 Domino

79 2402 185 2464 nostro
200 2397 276 2464 Jesu
290 2397 413 2464 (llrrieto
435 2399 539 2465 unitae
560 2404 647 2477 eunt;
667 2400 721 2464 sed
735 2385 881 2465 divinitae
902 2399 1128 2465 humanitatem
1149 2399 1182 2466 in
1194 2404 1283 2484 pntm
1368 2456 1370 2460 ,

79 2503 112 2566 et
131 2499 243 2584 spiritu
270 2505 378 2567 sancto
406 2501 536 2580 excedit
566 2522 630 2566 non
658 2505 762 2566 tamen
782 2501 868 2585 quod
897 2499 982 2566 alind
1010 2500 1112 2568 tonna
1139 2506 1170 2567 et
1198 2501 1284 2567 alind

78 2602 247 2668 formatum
275 2602 339 2668 sit:
360 2602 428 2688 ipen
455 2625 528 2668 vero
557 2603 703 2669 divinitae
731 2602 765 2668 in
793 2602 950 2681 omnibus,
974 2607 1098 2688 praeter
1117 2602 1283 2682 Christum,
1340 2629 1348 2656 2

77 2703 255 2771 hominibue
284 2705 324 2771 ah
351 2705 546 2772 humanitate
571 2705 734 2772 exceditur.
777 2703 904 2770 Etenim
933 2705 991 2770 etsi
1017 2705 1091 2771 sunt
1117 2705 1198 2796 iuter
1225 2705 1283 2771 ho·

77 2810 185 2891 nunes,
206 2809 260 2896 qui
275 2815 358 2877 recte
372 2811 514 2877 dicantur
534 2811 586 2890 dii,
604 2811 685 2878 sicut
704 2811 853 2896 scriptum
868 2815 927 2877 est:
948 2811 1019 2898 qu
1033 2811 1114 2893 dcere}
1130 2811 1180 2878 dii
1194 2811 1283 2878 mtis:

77 2913 182 2979 nullus
210 2917 314 2978 tamen
346 2917 470 2998 praeter
497 2915 599 2980 solum
625 2912 797 2980 Domimun
824 2917 967 2978 nostrum
992 2913 1100 2979 Jeeum
1126 2913 1283 2980 Christum

77 3015 261 3088 naturaliter
288 3020 321 3082 et
348 3015 594 3082 substantialiter
622 3021 670 3081 eet
690 3016 785 3094 Deus,
816 3015 932 3102 qnippe
957 3014 1008 3081 oni
1033 3015 1178 3081 divinitae
1203 3015 1284 3082 inest

76 3140 132 3202 per
152 3117 348 3202 diffinitionis
373 3117 515 3184 somnam
557 3117 683 3185 Etenim
709 3119 736 3185 ei
763 3117 918 3204 requiras:
943 3117 1025 3197 Quid
1050 3121 1097 3185 est
1122 3115 1283 3185 Christus?

75 3224 158 3286 recte
179 3222 396 3307 respondetur:
416 3220 523 3290 Homo
537 3221 635 3300 Deus;
655 3221 767 3308 quia†)
783 3222 820 3287 de
841 3221 931 3288 nullo
952 3221 1071 3314 habitu,
1092 3220 1147 3306 qui
1161 3224 1283 3288 tontum

76 3327 124 3388 eet
145 3321 270 3390 habitus
291 3328 323 3389 et
351 3346 415 3391 non
442 3327 563 3405 natura,
592 3324 692 3391 dicere
720 3323 873 3392 convenit
916 3323 1031 3391 Omnes
1060 3323 1143 3390 enim
1170 3321 1284 3409 reliqui

75 3425 200 3491 habitus
220 3425 253 3490 in
268 3427 361 3510 quale
383 3431 543 3510 ponuntur
564 3431 596 3492 et
615 3447 679 3492 non
700 3426 734 3491 in
755 3427 838 3510 quid
870 3425 922 3492 Sic
942 3447 1016 3492 vero
1038 3426 1129 3492 etde
1150 3425 1282 3492 homine

76 3527 109 3596 si
131 3549 276 3614 quaeras:
297 3526 379 3606 Quid
400 3532 446 3594 est
475 3528 588 3596 homo?
613 3531 696 3594 recte
721 3529 937 3614 respondetur:
958 3529 1141 3596 Animatum
1163 3531 1195 3594 et
1214 3549 1283 3593 sen·
1324 3589 1326 3594 ,

74 3630 165 3698 sibile
179 3631 342 3708 rationale;
363 3635 419 3697 aut
432 3635 528 3698 certe:
549 3631 679 3698 Animal
699 3630 860 3698 rationale.
891 3632 936 3698 Et
949 3631 1144 3698 rationalitas
1158 3630 1282 3716 quidem

75 3734 198 3823 dignior
218 3735 420 3802 sensualitate
442 3722 499 3804 eet¹
538 3734 609 3816 Sed,
635 3757 706 3801 oum
728 3734 766 3801 de
788 3756 851 3801 uno
872 3733 998 3801 homine
1019 3733 1131 3821 egitir,
1152 3754 1215 3799 non
1236 3735 1284 3799 cet

74 3837 187 3913 dicere:
213 3837 282 3904 Hoc
307 3837 459 3905 rationale
485 3837 584 3905 cidem
609 3837 745 3904 sensuali
770 3837 895 3924 dignius
920 3841 979 3915 est;
1005 3859 1042 3904 eo
1064 3837 1147 3922 quod
1169 3858 1231 3902 una
1251 3839 1284 3901 et

74 3942 180 4006 eadem
211 3963 260 4006 ree
289 3946 420 4026 uterque
450 3947 504 4008 eet
547 3941 706 4018 Similiter,
735 3940 799 4005 imo
829 3961 903 4005 vero
933 3939 1054 4005 infinite
1084 3937 1282 4004 excellentius
1340 3947 1345 3958 ’
1399 3995 1401 4000 .

73 4041 218 4107 divinitae
239 4041 435 4109 humanitate
459 4041 600 4108 inomni
626 4041 742 4106 virtute
762 4062 799 4106 sc
825 4039 977 4127 dignitate
991 4038 1204 4125 'praestantior
1223 4043 1283 4104 astt

73 4144 135 4222 sed,
160 4143 234 4209 dum
264 4165 345 4209 unus
372 4148 466 4229 atque
495 4143 577 4210 idem
598 4142 753 4209 Dominus
773 4141 865 4208 Jesus
892 4146 1059 4226 utriunque
1089 4139 1282 4228 naturaliter,

72 4244 92 4312 i
114 4267 140 4311 e.
160 4266 217 4329 per
237 4243 408 4310 radvitatie
433 4250 577 4312 naturam
600 4249 658 4322 ¹eet
682 4243 749 4328 jem
774 4243 869 4309 homo
890 4243 945 4309 ille
966 4241 1035 4308 Deo
1056 4240 1162 4306 minor
1183 4245 1215 4306 et
1235 4240 1281 4306 in·

67 4346 168 4413 ¹ferior
187 4367 252 4412 non
267 4350 322 4425 est
341 4345 497 4432 siquidem
515 4367 578 4412 uon
591 4347 659 4412 Deo
681 4349 803 4411 tantum
817 4343 1001 4430 conjunctus
1015 4343 1065 4409 vel
1079 4341 1283 4429 personaliter

171 4559 199 4630 n
217 4557 290 4629 ΨΜ
308 4560 352 4630 or·
