3010 5300
547 413 883 474 aroaooarrons
1275 427 1321 490 65

116 587 147 649 et
167 601 239 646 oum
259 579 327 664 ipso
349 579 469 666 angelis
490 602 555 648 ease
568 588 721 667 poterant
741 606 806 651 non
826 584 921 651 etiam
941 585 1038 666 nobis,
1052 607 1237 656 eommunes.
1271 591 1323 656 At
1370 595 1466 675 (64)

45 763 46 771 ἵ
115 704 197 751 nune
217 703 273 768 per
292 680 401 748 mortis
421 682 519 768 ipsius
536 683 743 751 obedientiam
763 687 868 753 debito
882 688 970 753 Adae
989 687 1102 767 soluto,
1116 693 1148 754 st
1160 689 1319 755 destinato

115 807 161 864 eo,
182 784 237 868 qni
257 783 394 850 habebat
412 785 523 850 mortis
547 785 720 872 imperinm,
746 789 844 854 nostri
869 788 1071 874 acquisitione
1092 790 1166 875 ipse,
1191 791 1319 856 misera-

114 887 208 954 tionis
229 907 355 972 qnoque
379 909 457 973 *suae
485 887 704 956 inaestimabili
733 891 841 958 deeora
869 891 996 958 indutus
1016 896 1049 958 et
1076 895 1240 958 coronatis
1259 897 1320 971 eet,

113 995 193 1059 sient
212 993 362 1077 seriptum
384 998 443 1058 est:
465 991 630 1083 Dominae
649 996 807 1082 requireit,
831 996 971 1064 decorem
993 997 1131 1064 iudeus
1152 1002 1205 1064 est.

211 1095 315 1179 Hujus
329 1117 403 1160 vero
424 1116 565 1174 toronae,
579 1117 674 1180 quam
695 1096 755 1163 sibi
775 1097 981 1164 miserationis
1001 1120 1076 1164 suae
1097 1097 1317 1164 inaestimabili

113 1217 205 1282 opere
226 1194 320 1262 simul
340 1200 372 1262 et
391 1195 489 1262 nostri
503 1197 705 1280 acquisitione
725 1202 889 1282 paraturus
910 1201 985 1277 erat
1005 1198 1062 1266 illa
1082 1219 1197 1264 corona
1208 1197 1317 1284 spinea

112 1299 235 1384 signum
256 1297 326 1376 tuit,
353 1319 508 1382 quaeum
533 1303 635 1364 mater
655 1321 712 1364 sua
740 1320 900 1386 synagoga
920 1299 955 1365 in
981 1301 1124 1386 passione
1148 1301 1317 1380 coronavit

111 1403 192 1468 siout
212 1401 245 1468 in
265 1402 393 1469 Gentioo
414 1402 611 1470 Cantioorum
632 1405 783 1488 seriptum
804 1409 867 1470 est:
888 1403 1314 1490 Eyrediminiffiliaedime,

11 1591 12 1606 χ
111 1511 141 1573 et
168 1507 271 1574 uidete
298 1529 401 1594 reyes
431 1507 635 1575 Salomonem
662 1509 702 1577 in
730 1509 920 1590 diedemate,
955 1531 1017 1594 quo
1045 1509 1213 1577 cormravil
1241 1529 1316 1576 acm

108 1617 213 1678 mater
239 1631 302 1679 suo
329 1611 367 1680 in
397 1613 450 1680 die
475 1613 729 1698 deepormotiom‘s
755 1613 822 1698 ejus
847 1618 878 1680 et
902 1613 940 1682 in
966 1613 1017 1680 dle
1043 1613 1185 1680 loetitiae
1211 1613 1316 1680 cordis

111 1717 211 1783 illiue.
261 1717 472 1783 Provoeantur
491 1719 583 1784 enim
612 1718 695 1784 filiae
723 1717 809 1785 illius
840 1718 1056 1800 Hierusalem,
1089 1739 1172 1802 queue
1204 1719 1315 1786 oceidit

105 1823 280 1906 prophelae
306 1829 336 1890 et
363 1823 487 1910 lapidet
512 1845 571 1906 eos,
597 1825 656 1908 qui
682 1825 725 1890 ed
745 1845 778 1890 ee
798 1824 885 1890 metri
905 1831 993 1906 erent,
1022 1845 1102 1908 quae
1129 1825 1253 1891 tandem
1281 1828 1316 1890 et

109 1923 210 2006 ipsum
231 1923 453 2008 prophetarum
479 1925 638 1991 dominum
667 1925 788 2003 oceidit,
814 1924 919 2010 egredi
940 1925 977 1990 de
998 1925 1103 2010 typico
1125 1925 1181 1990 illo
1203 1925 1314 2012 legalis

109 2023 322 2090 observantiae
353 2025 535 2091 umbraculo
565 2029 596 2092 et
626 2024 735 2091 vineae
765 2026 922 2108 quendem
954 2025 1084 2092 dilectae
1114 2026 1248 2112 tuguriq
1280 2032 1315 2092 et

109 2124 211 2190 videre
240 2147 345 2212 regem
375 2125 582 2206 Salomonem,
614 2148 721 2192 verum
754 2125 910 2204 videlieet,
940 2127 1111 2211 pacificum,
1141 2127 1314 2193 Dominum

109 2226 225 2306 lesum,
246 2227 279 2292 in
293 2227 474 2306 &adamate
495 2250 558 2313 quo
577 2232 742 2293 eoronatus
763 2231 810 2293 est
831 2251 850 2292 a
869 2227 967 2308 nobie,
987 2229 1132 2315 gentibus
1154 2229 1313 2312 quondam

108 2327 239 2411 spinosis
260 2332 293 2394 et
312 2330 525 2414 peecatoribus
538 2363 581 2378 -
595 2328 707 2416 qnia†)
729 2349 843 2394 eorona
863 2327 919 2393 illa
938 2329 1054 2414 spinea,
1072 2351 1136 2414 qua
1153 2329 1313 2395 coronavit

109 2452 180 2496 eam
207 2435 306 2497 mater
335 2431 401 2515 ejus
433 2451 601 2518 synagoga,
630 2431 687 2496 illa
713 2429 857 2496 videlieet
886 2451 949 2496 non
977 2431 1119 2496 credente
1146 2429 1180 2495 in
1213 2430 1313 2496 nostri

107 2531 360 2610 misericordiam
392 2538 608 2619 provocantur,
638 2532 775 2616 inquam,
807 2530 912 2618 egredi
942 2531 1026 2597 filiae
1053 2531 1248 2599 Hiemsalem
1277 2538 1312 2599 et

107 2634 208 2700 videm
236 2657 343 2722 regem
371 2634 570 2702 Salomonem
597 2635 703 2701 taliter
728 2657 747 2698 a
774 2633 919 2720 gentibus
947 2633 1036 2752 qnasi
1063 2635 1171 2719 spinea
1197 2655 1311 2701 oomna

107 2741 295 2818 seronatum,
322 2737 349 2804 si
370 2737 501 2806 forsitan
521 2738 560 2804 ad
589 2737 805 2804 aemulandum
832 2735 965 2802 etiam
955 2758 1041 2823 rpaaa
1068 2737 1257 2804 adducantur
1277 2741 1312 2803 et

107 2843 332 2922 convertentur,
353 2845 386 2908 et
405 2847 495 2908 sanet
515 2841 631 2926 eost-t)

205 2943 373 3031 Opportuit
404 2950 509 3012 autem
544 2949 576 3011 et
610 2941 842 3010 resurrectionis
876 2941 979 3029 gloria
1012 2947 1085 3029 post
1118 2873 1309 3010 destnotum

105 3053 204 3115 morte
232 3071 289 3116 sna
316 3047 454 3116 indebita
483 3047 604 3115 debitae
632 3045 778 3114 mortis
769 3045 943 3132 imperium,
971 3044 1155 3112 ascensionis
1184 3065 1310 3131 qnoque

105 3150 224 3218 honore
244 3151 408 3218 visibiliter
428 3173 533 3219 eoram
561 3149 679 3217 idoneis
699 3149 831 3216 testibus
850 3147 1011 3215 sublimari
1031 3171 1111 3230 eum,
1138 3171 1195 3234 per
1215 3169 1309 3233 quem

104 3253 227 3337 penitus
255 3254 356 3321 omnis
385 3253 599 3321 minorationis
626 3252 831 3339 inaequalitas
860 3257 892 3318 et
918 3250 1150 3336 inaequalitatis
1170 3249 1310 3330 offensio,

105 3377 183 3440 qnae
205 3355 233 3424 ei
254 3361 378 3424 nostrae
397 3357 597 3424 mortalitatis
624 3356 735 3422 habitu
761 3354 869 3434 inerat,
896 3355 978 3421 inter
1005 3354 1108 3440 ipsum
1129 3358 1162 3420 et
1187 3357 1308 3440 patrem

104 3458 250 3543 dividens,
277 3461 315 3528 de
342 3459 443 3528 medio
472 3461 631 3540 tollentur,
664 3463 817 3545 quatenus
843 3456 964 3524 reddito
992 3455 1052 3523 sibi
1077 3457 1161 3543 apud
1186 3459 1308 3542 patrem

104 3562 221 3632 honore
249 3569 282 3632 et
310 3564 479 3632 clarificato
508 3565 590 3650 apud
610 3585 682 3629 eum
708 3560 857 3642 claritate,
886 3580 980 3646 quam
1001 3559 1111 3626 habuit
1130 3559 1213 3645 opud
1234 3580 1308 3626 eum

103 3665 362 3757 priusquamffi)
383 3669 516 3736 mundos
536 3667 633 3745 fieret,
652 3665 800 3732 sciremus
821 3663 984 3750 praecipue
1004 3683 1063 3729 nos
1083 3662 1232 3742 homines,
1250 3662 1307 3747 qui

104 3789 225 3838 eramus
244 3772 311 3838 sine
331 3773 399 3840 Deo
420 3772 454 3839 in
474 3772 535 3837 hoe
555 3769 680 3849 mundo,
708 3768 894 3835 eredendum
915 3787 981 3832 esse
1002 3766 1035 3832 in
1056 3787 1128 3832 eum
1156 3770 1306 3851 tanquam

103 3871 136 3938 in
154 3873 266 3954 Deum,
286 3879 319 3942 at
339 3878 374 3941 ut
394 3875 552 3941 eradentes
577 3871 656 3939 salvi
680 3871 823 3938 fieremus
844 3869 878 3934 in
898 3867 1023 3935 nomine
1043 3867 1149 3954 ipsias,
1174 3867 1305 3954 diligen·

103 3976 210 4062 tesqua
224 3999 296 4043 eum
309 3982 460 4063 tanquam
474 3998 546 4043 vere
565 3974 752 4042 salvatorem
773 3978 806 4041 et
818 3971 929 4050 Deum¹
949 3969 1052 4037 idonei
1070 3973 1164 4054 atque
1178 3990 1305 4056 eapaees

102 4077 283 4146 refundendi
303 4079 426 4166 abipso
446 4080 481 4145 in
500 4099 556 4144 noe
577 4076 703 4163 spiritus
724 4075 822 4141 saneti
843 4073 1042 4140 effioeremur.
1076 4072 1128 4139 Ad
1148 4071 1208 4138 hoo
1228 4092 1304 4158 ergo

102 4179 232 4249 risibilis
251 4182 308 4249 illa
328 4179 516 4249 moenaionis
537 4180 605 4266 ejus
630 4178 764 4246 ostensio
786 4177 825 4244 ad
844 4176 994 4244 *homines
1020 4175 1104 4242 faeta
1125 4177 1179 4242 est
1220 4173 1305 4242 Nam

39 4281 40 4286 ’
102 4283 256 4367 continuo,
275 4289 312 4352 ut
331 4279 499 4356 resurrexit
518 4283 690 4363 amortuis,
711 4281 744 4348 in
765 4279 968 4369 omnigloria
987 4277 1092 4368 patris
1107 4281 1182 4360 erat
1196 4299 1304 4363 quem·

101 4393 266 4462 mnodum
286 4394 468 4462 testificatos
488 4398 536 4463 est
555 4392 622 4479 ipse
636 4391 753 4460 dene:
775 4387 868 4457 Data
889 4391 933 4458 est
954 4386 1035 4458 mul
1053 4386 1157 4456 omnia
1167 4389 1305 4490 potestus

100 4501 243 4571 incaelo
265 4501 354 4571 etin
377 4507 476 4571 terro

198 4625 225 4696 tl
243 4639 314 4693 ew
330 4624 375 4695 (t).
392 4651 426 4678 ν-
441 4622 486 4694 ll)
503 4638 550 4678 οῦ·
567 4621 615 4693 (ll.
628 4649 662 4664 ··
678 4617 742 4690 †††l
758 4635 808 4678 Μ·
824 4615 947 4688 tviss-

1133 4683 1151 4738 t
