3010 5300
87 289 95 366 t

8 398 9 401 ‘
511 433 846 493 aeonoeamcus.
1239 444 1281 505 35

7 579 36 672 ,1
54 565 160 683 ‘iun
180 606 218 671 ue
239 607 370 674 muliere
391 607 447 674 uu
467 609 662 695 evangeliea:
684 609 827 692 neum,
849 609 1056 694 inquitisum
1077 615 1280 696 repetentum

7 695 9 758 Ι
76 713 134 778 boc
147 712 186 779 in
200 733 315 798 corpus
336 735 450 795 nwuoe,
473 715 517 781 od
530 715 743 799 sepeliendum
765 738 814 782 me
827 713 910 799 serit,
933 721 963 782 et
978 715 1150 800 praeuenit
1162 736 1282 801 uapore

75 839 188 904 corpus
208 840 311 886 merem
332 818 371 886 iu
392 818 610 904 sepulturam?

175 920 256 998 Quid
284 921 344 1002 hic,
372 943 459 1008 rogo,
486 923 671 988 sacramenti
692 927 747 1002 est,
774 923 859 1009 qnod
887 923 925 989 de
953 921 1060 988 eodem
1080 943 1208 1006 oorpore
1229 923 1281 988 vel

74 1048 165 1092 eume
192 1027 324 1111 loquens
352 1029 444 1094 modo
472 1048 567 1095 suum
594 1031 688 1096 modo
716 1051 749 1097 se
777 1028 860 1108 dicit
887 1027 947 1093 nisi
975 1027 1050 1112 quia
1076 1050 1157 1095 unus
1184 1033 1281 1113 atque

73 1129 154 1195 idem
176 1135 224 1196 est
244 1131 375 1214 loquens
395 1131 481 1196 Deus
503 1134 535 1196 et
562 1131 657 1198 bomo
679 1130 832 1198 Dominus
853 1129 945 1196 Jeeus
966 1128 1129 1198 christun?
1170 1129 1230 1210 Qui
1250 1131 1279 1196 si

72 1257 194 1320 semper
213 1257 245 1302 se
265 1257 388 1301 earnem
409 1237 460 1302 vel
480 1258 601 1323 oorpns,
622 1242 654 1304 et
674 1259 737 1304 non
757 1257 852 1306 meon
872 1235 1008 1330 dirbset
1028 1237 1172 1304 transisse
1193 1238 1279 1304 Deus

72 1341 122 1406 vel
143 1344 283 1407 mutatus
303 1341 337 1406 in
357 1363 481 1408 earnem
502 1344 608 1428 putori
628 1349 741 1429 posset
777 1343 898 1412 sivero
919 1365 1041 1428 semper
1060 1364 1154 1412 orcum
1167 1365 1279 1429 eorpus

72 1447 122 1513 vel
135 1469 260 1514 earnem
274 1469 375 1530 mmm,
394 1454 426 1516 et
444 1471 508 1515 non
528 1471 561 1516 oe
580 1470 694 1534 eorpus
711 1450 761 1515 vel
779 1471 903 1516 earnem
917 1449 1040 1528 diceret,
1053 1449 1098 1516 sio
1115 1465 1148 1517 se
1165 1451 1278 1516 habere

71 1548 230 1613 hominem
258 1549 348 1633 quasi
375 1549 603 1630 vestimentum,
629 1551 891 1635 quemadmodum
916 1551 1034 1618 Paulus
1059 1551 1278 1619 samosatenus

71 1655 104 1714 et
116 1649 278 1716 Nestorius
292 1650 551 1738 dogmatizabmrt,
572 1655 604 1717 et
624 1673 687 1717 non
708 1651 810 1736 ipsum
831 1673 897 1718 esse
914 1652 1082 1732 hominem,
1102 1654 1155 1720 sed
1176 1675 1277 1738 neque

70 1750 228 1817 bominem
250 1774 316 1817 esse
337 1753 448 1832 Deum,
472 1754 526 1820 sod
547 1755 662 1820 babere
682 1755 716 1820 in
737 1777 770 1820 se
791 1759 913 1820 tantum
934 1754 1046 1833 Deum,
1071 1755 1276 1840 suspicionem

70 1852 209 1919 dedisset
252 1851 347 1918 Nune
366 1874 449 1932 uero,
474 1854 555 1920 siout
580 1855 687 1921 debuit
712 1861 745 1922 et
768 1856 954 1940 sapientiam
979 1857 1090 1936 denuit,
1114 1856 1159 1922 sio
1184 1857 1222 1922 de
1241 1877 1277 1940 se

69 1954 175 2018 eadem
196 1953 349 2038 sapientia
368 1954 475 2019 locuta
494 1959 549 2034 est,
571 1956 684 2035 dieens,
704 1978 737 2021 se
759 1957 880 2036 babere,
901 1979 1055 2042 suumque
1076 1979 1142 2022 esse
1163 1977 1276 2041 eorpus

69 2053 119 2118 vol
140 2075 271 2134 onmem,
293 2059 329 2120 ut
349 2055 430 2121 inter
450 2055 616 2122 habentem
638 2062 671 2121 et
690 2056 830 2123 habitam
852 2062 997 2124 naturam
1017 2058 1197 2144 distinguas,
1218 2079 1276 2123 neu

69 2155 198 2220 alteram
213 2155 359 2222 transisse
377 2157 409 2223 in
428 2157 558 2223 alteram
577 2159 627 2224 vel
644 2179 739 2224 unum
758 2179 796 2224 ex
815 2158 935 2224 duabus
954 2160 1094 2226 effeotam
1110 2158 1274 2252 eriatimes.
1312 2171 1413 2257 (35)

68 2255 265 2341 Rursumque
294 2280 327 2324 se
357 2280 468 2342 eorpus
499 2259 550 2324 vel
581 2279 704 2325 earnem
734 2259 817 2338 dicit
847 2265 885 2325 ut
915 2283 1010 2326 urnam
1041 2281 1203 2346 personam
1234 2281 1273 2324 ex

67 2358 186 2425 duabus
214 2359 306 2426 etin
334 2360 453 2426 duabus
481 2361 733 2445 penmanentibus
761 2361 881 2427 naturis
909 2383 972 2428 non
1001 2361 1136 2441 dubites,
1166 2361 1274 2446 sieque

66 2459 225 2528 hominem
247 2461 353 2529 haberi
375 2463 483 2542 aneo,
504 2468 541 2529 ut
561 2485 712 2550 personae
732 2463 800 2548 ejus
818 2463 952 2530 essentia
971 2463 1021 2543 sit,
1039 2467 1133 2548 atque
1153 2467 1191 2528 ut
1204 2461 1273 2548 ipse

65 2562 151 2630 Deus
171 2566 266 2633 homo
287 2565 337 2646 sit
358 2571 390 2633 et
411 2588 428 2632 a
447 2587 596 2633 eonverso
617 2564 712 2631 bomo
733 2566 817 2633 Deus
837 2567 886 2634 sit

163 2671 291 2741 Etenim
320 2679 352 2742 et
379 2695 527 2741 conversa
551 2671 584 2739 in
610 2672 770 2759 seripturis
795 2673 978 2754 invenimus,
1004 2676 1041 2738 ut
1065 2675 1112 2737 est
1138 2671 1217 2738 illud
1236 2670 1272 2736 in

64 2778 211 2846 Actibus:
230 2780 340 2849 Iesum
362 2782 470 2848 rumam
493 2778 703 2864 affrontatum
730 2801 752 2847 u
774 2780 843 2848 Deo
869 2781 908 2849 in
929 2779 1020 2848 nouo
1041 2778 1211 2846 virtutibus
1232 2799 1272 2845 ue

58 2885 224 2972 prodique,
241 2907 324 2970 ptrue
341 2885 415 2971 seuit
427 2907 488 2971 per
505 2885 599 2953 illum
614 2885 711 2969 Deus,
730 2887 786 2972 pud
801 2885 1029 2972 pertransiens
1047 2883 1271 2969 bmesoeiendo

63 2995 93 3056 et
113 2993 265 3059 sanando
288 3013 396 3060 omnes
417 3013 581 3077 oppressos
603 3012 625 3058 o
647 2991 780 3074 diodoto,
804 2993 881 3077 prtia
904 2990 995 3058 Deos
1015 2995 1088 3057 erat
1108 3012 1179 3058 uem
1200 2989 1268 3059 ito.

63 3090 182 3168 Quibus
210 3092 319 3176 utique
344 3093 446 3159 verbis
473 3091 599 3159 babitus
626 3093 831 3160 introduoitur
867 3093 918 3160 uel
943 3091 1003 3159 Dei
1031 3093 1189 3158 hominem
1217 3093 1269 3159 vel

62 3187 198 3260 hominis
219 3194 361 3261 habentis
382 3195 485 3260 Deum
509 3215 582 3260 eum
607 3194 665 3260 illo
687 3194 869 3260 existentem
890 3200 923 3259 et
948 3215 1005 3280 per
1024 3193 1116 3260 illum
1136 3215 1268 3280 operan-

62 3298 133 3360 tem.
175 3295 312 3361 Rursum
333 3317 405 3362 vero
431 3317 502 3360 oum
522 3297 560 3362 de
586 3295 773 3373 hominibus,
799 3295 912 3380 quiin
937 3295 1098 3380 seripturis
1123 3295 1269 3362 dicuntur

61 3394 112 3474 dii,
134 3395 173 3460 ad
200 3418 233 3461 se
261 3416 386 3480 quoque
413 3395 571 3462 hominem
599 3397 700 3462 multo
728 3397 960 3462 convenientius
981 3395 1143 3461 dicendum
1163 3396 1267 3460 Deum

60 3501 279 3581 argumentum
300 3497 396 3562 sumit
408 3533 451 3556 ·.-
461 3496 567 3584 jam†)
586 3496 669 3562 enim
689 3497 792 3562 solum
813 3497 908 3562 homo
929 3496 1024 3562 babet
1037 3497 1140 3562 Deum
1160 3517 1266 3562 seeum

59 3602 244 3676 manentem,
257 3597 311 3663 sed
332 3603 365 3663 et
377 3599 442 3683 ipse
456 3599 551 3663 bomo
564 3597 650 3662 Deus
664 3619 730 3663 esse
743 3597 927 3674 ostenditur3
945 3597 990 3662 sio
1003 3596 1086 3663 enim
1100 3596 1195 3662 hauc-1
1211 3617 1266 3662 --ι

59 3701 319 3768 calumniantibus
340 3701 467 3769 Judseis
496 3705 589 3786 atque
610 3701 798 3767 dicentibus:
820 3701 872 3768 De
897 3701 979 3768 bono
1006 3721 1099 3786 opere
1123 3721 1194 3768 noa
1216 3705 1265 3766 tu·

51 3809 209 3900 *mamm
231 3813 261 3876 te
285 3809 338 3877 sed
362 3809 401 3876 de
427 3807 631 3893 blasphemio,
657 3811 688 3876 et
709 3807 790 3891 outo
811 3811 858 3888 tu,
886 3806 979 3874 bouso
1007 3826 1079 3874 uem
1104 3805 1157 3888 sis,
1178 3803 1266 3890 fons

59 3919 87 3979 te
114 3915 219 3998 ipsum
241 3912 348 3981 Deum
375 3948 427 3996 -,
456 3913 681 3996 subsequenter
707 3911 775 3997 ipse
803 3911 842 3977 de
871 3932 905 3978 se
934 3909 1059 3977 bomine
1088 3910 1264 3996 respondet

57 4013 205 4079 nimirum
227 4015 267 4080 ab
287 4013 366 4093 aliis,
387 4015 442 4101 qui
462 4013 533 4099 puri
554 4035 591 4078 ao
611 4013 713 4080 solurn
734 4016 824 4079 erant
842 4015 956 4078 natura
975 4011 1124 4089 homines¹
1138 4010 1263 4096 capiens

57 4123 292 4205 argumentum:
318 4117 500 4206 Numquid,
522 4119 575 4198 ait,
592 4139 661 4186 non
684 4117 800 4205 optule
821 4117 857 4184 in
880 4116 1067 4202 scriptoris:
1088 4115 1159 4202 Epo
1180 4115 1261 4198 diui,

57 4224 105 4300 dii
126 4225 199 4292 estre
220 4229 250 4292 et
269 4223 333 4308 filii
357 4224 469 4292 eusebi
490 4221 619 4321 omnes?
662 4220 702 4289 Si
727 4221 813 4289 enim
835 4243 885 4289 eos
906 4221 989 4288 uixit
1009 4221 1090 4302 deos,
1113 4221 1157 4288 ud
1182 4242 1263 4305 quoe

55 4349 156 4396 seruo
178 4328 242 4397 Dei
262 4329 368 4414 foetes
389 4335 443 4412 est,
470 4335 500 4397 et
525 4349 596 4396 nore
611 4331 717 4413 potest
741 4326 822 4392 solvi
846 4326 1026 4410 seriptum
1051 4347 1142 4408 prtern
1162 4329 1262 4410 pater·

54 4434 265 4520 sonetfieooit
290 4438 321 4502 et
350 4433 437 4502 ment
464 4435 503 4501 iu
529 4433 698 4513 muudum,
730 4452 784 4497 ooo
810 4430 916 4498 dicitis
950 4429 1027 4514 uteie
1054 4428 1258 4514 blaephemas,
1332 4451 1335 4458 ⁴

54 4540 133 4624 orsio
154 4539 237 4622 diui,
258 4537 346 4624 fitius
368 4537 433 4606 Dei
453 4534 548 4607 uum?
607 4534 608 4538 ’
655 4633 657 4639 A

13 4783 15 4790 Α
97 4697 114 4791 '3
144 4691 181 4762 -†)
198 4707 254 4746 ¹²⁰²
270 4690 307 4762 (ἵ)
1072 4685 1106 4742 3'

106 4809 115 4944 ᾗ
